1540 2488
152 78 200 104 20
652 60 713 99 M.
749 60 791 99 21
827 58 1012 99 Ciceronis

75 149 100 182 2
113 150 131 182 1
241 147 329 175 rm
490 136 575 187 Age
603 150 707 176 nunc
734 137 806 178 iter
836 138 1005 189 expediti
1040 138 1197 179 latronis
1233 153 1319 180 cum
1352 139 1540 192 Milonisfl

190 190 380 226 Argument,
439 198 722 250 impedimentis
750 208 978 251 comparate.
1035 203 1193 252 Semper
1210 201 1273 242 ille
1291 210 1404 243 antea
1421 216 1510 244 cum
1531 200 1540 246 ,ὲ

182 244 411 316 Ιξξζῗζὶζζΰῑς,
438 274 566 309 uxore,
587 268 668 299 tum
697 262 778 301 sine
803 276 869 303 ea:
902 276 1110 313 numquam
1139 263 1211 303 nisi
1235 264 1275 303 in
1304 266 1406 313 reda,
1426 273 1507 306 tum
1532 263 1540 311 Ξ

148 326 417 397 Ἠώεξῗοὰψῧ
436 323 476 360 in
495 336 618 372 equo:
650 324 809 363 comites
825 326 1011 373 Graeculi,
1032 339 1274 377 quocumque
1289 327 1378 376 ibat,
1392 328 1506 368 etiam
1537 332 1540 357 ἶ

148 400 307 433 travelling
345 400 410 443 ψη
439 398 556 435 quum
585 385 626 423 in
652 394 774 425 castra
794 388 953 426 Etrusca
975 391 1214 438 properabat,
1234 396 1315 428 tum
1334 390 1374 429 in
1392 391 1507 430 comi·

148 436 409 501 ξξξώζζζξᾞῧῗξζξὲ
436 455 516 486 tatu
546 461 732 498 nugarum
760 449 864 488 nihil.
922 450 1031 498 Milo,
1064 451 1131 500 qui
1167 465 1387 501 numquam,
1425 459 1505 493 tum

148 510 283 537 v³⁰¹e¹¹<²e¹
437 523 526 549 casu
545 524 683 560 pueros
709 512 1004 562 symphoniacos
1026 514 1153 552 uxoris
1182 515 1349 554 ducebat
1377 522 1416 554 et
1442 529 1507 555 an-
1534 525 1537 526 ’

147 571 317 611 cillarum
335 586 490 624 greges:
519 574 581 613 ille
600 574 665 624 qui
684 588 834 625 semper
851 589 981 615 secum
1001 584 1135 625 scorta,
1152 576 1303 628 semper
1321 580 1504 627 exoletos,
1537 567 1540 573 ¹

178 666 307 694 eontrast
341 667 408 694 with
434 649 584 686 semper
601 639 708 687 lupas
727 639 893 686 duceret,
914 646 995 677 tum
1013 640 1217 688 neminem,
1236 641 1308 679 nisi
1327 648 1368 679 ut
1385 641 1506 680 virum

145 703 224 767 ‘mh-fut
234 704 410 774 JCIZZAK-
437 712 461 737 a
491 700 572 739 viro
601 702 742 739 lectum
779 715 861 741 esse
898 702 1053 742 diceres.
1123 705 1202 743 Cur
1231 704 1343 754 igitur
1379 704 1503 743 victus

145 778 220 822 why
248 779 321 810 then,
351 788 407 812 you
434 765 519 801 est?
573 763 675 811 Quia
717 777 797 802 non
833 778 983 815 semper
1016 766 1138 805 viator
1172 780 1196 805 a
1230 769 1388 815 latrone,
1424 779 1505 806 non

145 816 405 880 ζζξῐζιξξὲἑζζυξξ
431 837 641 874 numquam
670 826 785 864 etiam
812 828 907 866 latro
939 841 963 866 a
988 827 1132 867 viatore
1162 828 1348 867 occiditur
1359 843 1371 878 5
1402 830 1502 879 quia,

146 890 193 917 the
201 891 262 917 best
273 892 407 924 prepared
435 899 666 937 quamquam
689 896 840 938 paratus
867 889 907 927 in
939 889 1142 939 imparatos
1175 890 1345 938 Clodius,
1375 898 1504 931 tamen

146 927 343 961 donotalways
350 937 408 961 pre·
517 949 523 955 .
614 949 621 957 .
677 950 684 957 .
839 950 846 957 .
939 951 946 958 .
1356 951 1364 959 .

146 966 200 991 van
216 966 244 992 j„
261 967 328 992 such
345 967 408 993 sud.
434 950 568 988 mulier
611 952 795 989 1nc1derat
836 964 877 989 m
911 965 1020 991 viros.
1089 954 1174 991 Nec
1208 965 1299 992 vero
1335 965 1390 991 sic
1425 959 1540 1008 erat5

145 1002 199 1028 ‘³⁶¹¹
211 1009 380 1030 ⁰⁰⁶⁰¹¹¹¹te¹⁵·
432 1024 614 1060 umquam
636 1025 716 1051 non
745 1020 898 1063 paratus
927 1014 1025 1052 Milo
1057 1020 1189 1053 contra
1220 1014 1325 1052 illum
1356 1021 1398 1053 ut
1424 1027 1505 1054 non

146 1073 236 1112 satis
254 1075 330 1112 fere
350 1080 449 1112 esset
467 1081 628 1123 paratus.
686 1077 844 1125 Semper
867 1076 929 1115 ille
957 1083 995 1115 et
1020 1083 1204 1126 quantum
1234 1076 1431 1116 interesset
1459 1078 1500 1117 P.

148 1136 276 1175 Clodii
294 1149 335 1175 se
354 1136 474 1186 perire
493 1143 531 1174 et
550 1144 694 1186 quanto
713 1138 767 1175 illi
785 1138 877 1177 odio
897 1146 997 1177 esset
1012 1147 1049 1178 et
1064 1146 1249 1188 quantum
1267 1139 1330 1178 ille
1347 1141 1504 1179 auderet

147 1199 348 1249 cogitabat.
391 1200 517 1247 Quam
543 1202 594 1239 ob
621 1214 702 1240 rem
726 1201 842 1240 vitam
862 1215 979 1250 suam,
1001 1214 1116 1251 quam
1134 1201 1308 1240 maximis
1326 1201 1503 1252 praemiis

147 1262 381 1312 propositam
407 1269 446 1301 et
473 1275 596 1312 paene
621 1264 814 1303 addictam
837 1265 992 1313 sciebat,
1013 1278 1222 1315 numquam
1241 1264 1502 1315 inpericulum

147 1325 229 1364 sine
254 1325 444 1375 praesidio
477 1332 515 1364 et
546 1325 628 1365 sine
656 1327 830 1367 custodia
847 1327 1066 1378 proiciebat.
1121 1330 1236 1367 Adde
1261 1341 1380 1376 casus,
1400 1329 1502 1367 adde

147 1390 311 1430 incertos
339 1391 460 1430 exitus
495 1404 707 1441 pugnarum
733 1394 976 1443 Martemque
1005 1406 1261 1440 communem,
1293 1392 1358 1442 qui
1386 1405 1515 1444 saepe,

147 1455 375 1505 spoliantem
399 1455 475 1494 iam
507 1463 546 1495 et
577 1457 828 1495 exsultantem
854 1456 986 1495 evertit
1010 1463 1049 1495 et
1080 1456 1238 1506 perculit
1261 1457 1311 1495 ab
1338 1454 1499 1494 abiecto.

146 1519 261 1556 Adde
290 1518 477 1557 inscitiam
503 1518 631 1569 pransi
657 1518 740 1568 poti
769 1518 963 1557 oscitantis
989 1518 1107 1566 ducis,
1128 1517 1193 1568 qui
1219 1531 1337 1568 quum
1355 1531 1379 1556 a
1396 1525 1502 1568 tergo

146 1583 296 1621 hostem
340 1582 584 1621 interclusum
627 1582 849 1632 reliquisset,
887 1582 981 1621 nihil
1017 1584 1067 1621 de
1114 1582 1193 1621 eius
1230 1580 1406 1620 extremis
1440 1593 1503 1619 co-

147 1644 300 1683 mitibus
329 1644 507 1694 cogitavit
515 1659 526 1693 3
562 1645 602 1683 in
633 1658 729 1694 quos
761 1644 938 1684 incensos
970 1645 1023 1683 ira
1051 1644 1243 1695 vitamque
1266 1643 1413 1683 domini
1438 1645 1504 1683 de-

146 1715 341 1758 sperantes
360 1721 478 1758 quum
498 1708 702 1755 incidisset,
723 1708 846 1747 haesit
864 1708 903 1746 in
928 1708 974 1747 iis
1000 1708 1136 1758 poenis
1155 1720 1249 1757 quas
1268 1709 1318 1746 ab
1337 1719 1384 1746 eo
1403 1706 1500 1746 servi

189 1807 371 1842 objections
430 1773 562 1811 fideles
591 1784 660 1822 pro
692 1770 838 1810 domini
864 1771 941 1810 vita
965 1770 1235 1820 expetiverunt.
1292 1771 1371 1809 Cur
1394 1768 1540 1821 igiturf,

189 1858 360 1886 mwered.
433 1847 499 1873 eos
522 1847 639 1873 manu
661 1833 784 1872 misit?
815 1834 1010 1871 metuebat
1035 1832 1245 1871 scilicetne
1263 1831 1502 1879 indicaretur,

180 1918 210 1946 Ie
226 1917 250 1945 ῖς
269 1918 328 1945 said
348 1917 408 1945 that
433 1909 483 1936 ne
514 1898 688 1935 dolorem
719 1896 881 1946 perferre
912 1907 991 1933 non
1026 1900 1194 1944 possent,
1226 1906 1276 1932 ne
1307 1893 1504 1932 tormentis

148 1956 408 2020 ἕξιῑῐῐῗηᾞὲζζζῑξῗέ
434 1966 658 2009 cogerentur
675 1957 845 1997 occisum
863 1970 946 1996 esse
963 1970 988 1995 a
1011 1955 1126 1995 servis
1146 1954 1303 1994 Milonis
1321 1954 1362 1993 in
1377 1953 1506 2004 Appia

147 2032 232 2059 kined
287 2031 407 2063 Clodius.
435 2022 496 2062 via
516 2023 555 2060 P.
579 2020 759 2060 Clodium
784 2019 964 2059 confiteri.
1022 2019 1126 2067 Quid
1151 2031 1247 2068 opus
1266 2024 1324 2056 est
1340 2020 1506 2058 tortore?

146 2070 206 2097 ‘¹¹²‘
227 2069 293 2102 ‘¹¹⁶³'
321 2069 409 2101 might
435 2083 528 2134 quid
564 2083 737 2133 quaeris?
778 2081 1034 2120 occideritne?
1069 2079 1229 2119 occidit:
1266 2078 1347 2117 iure
1373 2091 1425 2116 an
1451 2077 1507 2116 in·

145 2113 194 2134 not
205 2107 323 2134 consess.
354 2107 409 2132 But

147 2144 323 2211 ζὀῇζςζξωᾰ
339 2143 407 2208 ξῙΙῖῑζ
431 2146 546 2185 iuria?
577 2145 671 2184 nihil
701 2145 752 2183 ad
783 2150 981 2183 tortorem:
1018 2142 1107 2180 sacti
1139 2141 1241 2180 enirn
1272 2140 1311 2179 in
1340 2140 1504 2190 equuleo
1539 2158 1540 2195 ᾗ

70 2223 127 2255 22
147 2221 409 2250 sactwasadmitted:
437 2208 611 2259 quaestio
631 2215 698 2255 est,
718 2206 807 2245 iuris
825 2206 864 2244 in
883 2205 1034 2244 iudicio.
1070 2205 1188 2253 Quod
1206 2203 1317 2254 igitur
1332 2202 1374 2241 in
1390 2214 1505 2241 causa
1538 2242 1540 2274 1

147 2260 409 2324 ξξξξξζζξξῷῗοζζῖ
435 2273 696 2322 quaerendum
722 2276 789 2317 est,
812 2269 854 2308 id
881 2281 1038 2319 agamus
1068 2268 1150 2316 hic;
1178 2266 1284 2317 quod
1307 2264 1506 2304 tormentis
1538 2276 1540 2288 ¹

147 2344 295 2406 “effi-lxm
342 2380 408 2405 m
435 2334 604 2374 invenire
622 2333 690 2381 vis,
709 2333 751 2372 id
769 2334 939 2371 fatemur.
996 2333 1119 2370 Manu
1141 2342 1232 2369 vero
1260 2341 1328 2367 cur
1349 2326 1504 2377 miserit,

147 2411 219 2439 aster
239 2411 285 2444 ιιι,
302 2410 353 2438 but
373 2419 409 2437 nn
436 2399 468 2439 si
497 2398 536 2439 id
567 2396 695 2450 potius
717 2394 876 2447 quaeris,
897 2407 1010 2446 quam
1036 2406 1103 2433 cur
1128 2405 1261 2444 parum
1282 2390 1419 2443 amplis
1441 2389 1507 2431 ad·
