1540 2488
488 22 576 76 Ptffo‘
600 19 643 60 2:
672 20 804 59 Annio
830 18 986 57 llIilone.
1385 27 1431 62 19

374 100 504 141 Video
532 102 662 140 adhuc
688 107 876 148 constare,
905 99 1064 147 iudices,
1094 98 1248 138 omnia:
1291 98 1434 138 Miloni
1487 110 1490 114 ·

342 166 458 205 etiam
482 165 575 204 utile
603 165 720 204 fuisse
746 164 930 204 Clodium
955 163 1095 212 vivere,
1115 163 1170 202 illi
1189 164 1240 202 ad
1260 176 1306 202 ea
1331 175 1431 213 quae

51 229 299 278 concupierat
350 229 632 280 optatissimum
676 228 871 268 interitum
909 227 1070 267 Milonis
1082 243 1094 277 3
1144 227 1278 266 odium
1314 226 1430 266 fuisse

52 295 150 335 illius
182 308 223 334 m
254 296 359 333 hunc
387 293 686 342 acerbissimum,
715 295 864 332 nullum
896 293 1009 332 huius
1034 293 1075 331 in
1102 292 1211 331 illum
1223 306 1236 342 3
1270 305 1430 331 consue-

53 358 228 398 tudinem
259 357 358 396 illius
395 365 621 408 perpetuam
657 357 698 396 in
733 357 772 396 vi
807 357 1018 404 inferenda,
1053 357 1165 396 huius
1203 364 1354 395 tantum
1389 356 1430 395 in

50 422 273 471 repellanda
285 435 297 469 3
319 428 486 459 mortem
509 422 560 460 ab
582 420 649 459 illo
677 421 945 460 denuntiatam
967 420 1109 460 Miloni
1128 428 1167 460 et
1191 421 1429 471 praedictam
1449 432 1496 471 52

51 486 188 535 palam,
214 485 309 523 nihil
334 498 519 535 umquam
548 484 723 524 auditum
757 498 805 524 ex
828 485 980 524 Milone
994 500 1005 534 3
1035 485 1286 535 profectionis
1316 484 1429 523 huius

51 549 154 591 diem
172 549 225 588 illi
243 556 391 596 notum,
410 549 577 588 reditum
604 549 703 587 illius
728 549 819 587 huic
843 549 1018 600 ignotum
1043 549 1159 589 fuisse
1171 564 1183 598 3
1215 550 1327 589 huius
1358 550 1430 590 iter

49 614 318 662 necessarium,
339 614 438 653 illius
464 614 580 653 etiam
605 614 734 664 potius
763 614 932 653 alienum
946 630 957 663 3
989 616 1094 653 hunc
1123 628 1215 665 prae
1233 628 1276 654 se
1296 615 1428 654 tulisse

49 690 92 718 se
109 677 175 717 illo
200 678 263 717 die
293 680 423 717 Roma
452 678 652 727 exiturum,
684 679 792 717 illum
821 693 868 718 eo
897 680 960 719 die
984 693 1028 718 se
1054 680 1313 719 dissimulasse
1331 679 1429 719 redi-

48 747 198 790 turum3
244 742 348 780 hunc
390 742 530 781 nullius
574 743 629 781 rei
665 751 835 782 mutasse
873 744 1087 793 consilium,
1126 745 1234 783 illum
1271 758 1428 783 causam

47 805 223 844 mutandi
252 806 401 844 consilii
426 806 579 845 finxisse
593 822 604 856 3
634 806 734 854 huic,
769 807 800 845 si
830 807 1082 856 insidiaretur,
1114 815 1272 847 noctem
1304 821 1427 858 prope

48 871 182 908 urbem
215 871 526 919 exspectandam,
556 870 620 918 illi,
632 866 758 909 -etiam
788 870 820 909 si
849 872 954 909 hunc
985 884 1066 909 non
1099 871 1261 920 timeret,
1295 878 1427 910 tamen
1473 908 1476 911 Δ

49 945 246 972 accessum
264 934 315 972 ad
333 935 469 973 urbem
488 941 719 973 nocturnum
738 934 854 973 fuisse
873 937 1137 974 metuendum.

8 1006 34 1038 ζ)
120 1012 238 1039 fourth
414 997 626 1036 Videamus
654 1011 759 1035 nunc
784 997 824 1036 id
853 1000 961 1048 quod
989 1006 1106 1049 caput
1131 1007 1188 1038 est
1201 1014 1212 1048 3
1244 1001 1353 1039 locus
1372 1001 1423 1040 ad
1445 1013 1494 1052 53

81 1061 272 1096 Arg-ament.
334 1060 491 1100 insidias
523 1061 586 1100 ille
619 1061 700 1112 ipse
730 1061 798 1101 ubi
829 1062 1025 1112 congressi
1054 1070 1144 1101 sunt
1168 1063 1242 1101 utri
1267 1065 1427 1102 tandem

131 1119 181 1147 Ch-
197 1129 236 1146 ²²
339 1124 450 1162 fuerit
486 1123 619 1174 aptior.
677 1125 727 1162 Id
762 1137 865 1172 vero,
903 1124 1061 1173 iudices,
1100 1125 1216 1164 etiam
1253 1126 1429 1165 dubitan-

49 1156 323 1228 ἥξέξονῖἷίίἴῖἷεὲζ
340 1190 433 1228 dum
463 1195 502 1226 et
537 1187 678 1227 diutius
708 1187 958 1238 cogitandum
988 1191 1075 1228 est?
1128 1191 1233 1228 Ante
1262 1191 1426 1228 fundum

36 1233 250 1266 fortheattack
255 1241 311 1258 was
444 1253 450 1258 .
458 1252 464 1259 .
626 1252 633 1259 .
1044 1253 1051 1259 .
1229 1254 1236 1261 .

49 1271 118 1298 such
139 1279 170 1296 as
192 1270 310 1302 entirely
338 1254 478 1300 Clodn,
513 1266 591 1302 quo
622 1266 663 1290 m
698 1253 819 1291 fundo
855 1260 1013 1303 propter
1041 1267 1194 1292 msanas
1226 1255 1309 1293 illas
1339 1256 1427 1294 sub-

49 1308 312 1379 ζξεῖζζᾞὰζζῑῖξ
338 1318 566 1357 structiones
584 1317 688 1356 mille
707 1317 818 1356 facile
837 1318 1040 1357 hominum
1059 1320 1281 1358 versabatur
1298 1321 1426 1358 valen-

49 1384 311 1454 :tngfflgfflgizff
338 1382 445 1429 tium,
473 1381 578 1420 edito
611 1381 818 1420 adversarii
850 1389 967 1431 atque
1000 1384 1154 1422 excelso
1190 1385 1279 1422 loco
1316 1398 1426 1435 supe-

338 1445 477 1484 riorem
507 1459 548 1484 se
578 1447 658 1484 fore
688 1453 840 1495 putarat
866 1447 966 1485 Milo
994 1454 1033 1485 et
1058 1449 1110 1486 ob
1129 1461 1215 1486 eam
1234 1462 1314 1487 rem
1335 1463 1424 1488 eum

49 1512 179 1550 locum
210 1510 262 1548 ad
290 1522 460 1560 pugnam
490 1509 732 1559 potissimum
763 1511 957 1560 elegerat?
993 1523 1043 1548 an
1079 1511 1120 1549 in
1157 1525 1204 1551 eo
1240 1514 1329 1552 loco
1366 1521 1426 1553 est

49 1574 176 1625 potius
206 1579 448 1624 exspectatus
477 1574 528 1611 ab
561 1585 608 1611 eo
643 1572 710 1622 qui
741 1572 859 1622 ipsius
889 1573 965 1612 loci
994 1587 1063 1624 spe
1087 1576 1212 1614 facere
1236 1575 1424 1627 impetum

49 1637 261 1688 cogitarat?
325 1638 406 1675 Res
449 1635 628 1686 loquitur,
667 1636 761 1686 ipsa,
808 1637 970 1686 judices,
1010 1651 1097 1687 quae
1127 1652 1288 1690 ‚semper
1320 1642 1423 1680 valet

48 1701 266 1753 plurimum.
324 1700 364 1740 Si
399 1701 485 1740 haec
526 1712 608 1737 non
644 1707 752 1749 gesta
778 1700 971 1749 audiretis,
1001 1703 1071 1740 sed
1099 1702 1203 1752 picta
1228 1703 1419 1753 videretis,
1441 1720 1489 1759 54

48 1773 179 1806 tamen
196 1770 396 1815 appareret
418 1770 502 1802 uter
531 1770 632 1802 esset
661 1763 871 1812 insidiator,
892 1772 978 1804 uter
1000 1766 1096 1805 nihil
1115 1768 1299 1818 cogitaret
1317 1770 1419 1818 mali,

51 1840 172 1879 quum
201 1828 298 1865 alter
327 1827 531 1865 veheretur
558 1825 599 1863 in
620 1827 725 1874 reda,
753 1828 991 1876 paenulatus,
1020 1841 1099 1867 una
1123 1831 1274 1870 sederet
1301 1846 1420 1873 uxor:

49 1891 144 1942 quid
173 1891 310 1930 horum
338 1903 420 1929 non
448 1889 815 1939 impeditissimum?
849 1890 1009 1940 vestitus
1041 1905 1092 1929 an
1120 1892 1340 1933 vehiculum
1371 1909 1422 1935 an

29 1957 206 2003 comes?
242 1953 336 2004 quid
377 1953 503 1991 minus
539 1959 763 2002 promptum
805 1955 857 1992 ad
893 1967 1075 2004 pugnam,
1108 1969 1227 2006 quum
1254 1961 1416 2008 paenula

47 2018 220 2067 irretitus,
234 2020 328 2058 reda
345 2017 564 2067 impedituS‚
584 2030 703 2055 uxore
723 2030 848 2067 paene
868 2020 1096 2059 constrictus
1116 2025 1245 2061 esset?
1277 2023 1421 2064 Videte

46 2083 150 2122 nunc
166 2082 284 2130 illum,
303 2081 470 2132 primum
494 2081 755 2131 egredientem
781 2095 803 2121 e
828 2082 918 2122 villa
942 2084 1071 2123 subito
1083 2100 1095 2134 3
1124 2088 1220 2126 cur?
1247 2089 1396 2138 vesperi
1408 2103 1420 2137 3

22 2185 26 2187 ,
46 2145 142 2197 quid
157 2159 316 2186 necesse
335 2149 422 2185 est?
446 2146 554 2184 tarde
568 2159 580 2194 3
598 2145 666 2194 qui
685 2146 879 2195 convenit,
900 2149 1126 2197 praesertim
1144 2149 1186 2189 id
1205 2151 1389 2201 temporis
1401 2154 1420 2191 ?

48 2211 245 2251 ‘Devertit
276 2210 317 2250 in
347 2210 478 2250 villam
498 2209 684 2258 Pompei!
740 2211 970 2261 Pompeium
997 2219 1041 2251 ut
1067 2213 1244 2254 videret?
1272 2215 1419 2256 sciebat

27 2273 87 2314 ‘in
115 2273 283 2313 Alsiensi
311 2286 418 2313 esse:
450 2273 581 2312 villam
612 2278 656 2311 ut
686 2273 948 2323 perspiceret?
972 2275 1129 2315 miliens
1156 2276 1197 2315 in
1220 2291 1266 2316 ea
1284 2279 1416 2319 fuerat.

27 2334 155 2386 Quid
195 2349 286 2387 ergo
323 2338 432 2375 erat?
473 2347 582 2373 mora
618 2341 656 2373 et
692 2335 978 2386 tergiversatio:
1029 2339 1124 2378 dum
1159 2339 1224 2378 hic
1259 2340 1418 2391 veniret,

44 2399 175 2440 locum
189 2400 403 2451 relinquere
421 2397 553 2439 noluit.

48 148 312 185 Reeapitulauon.
