1540 2488
470 33 561 71 Pro‘
583 33 627 71 Γ
653 32 786 71 Annio
812 33 968 72 Asilone.
1385 47 1410 84 9

26 112 142 158 '‘3⁵¹¹‘0
157 112 288 178 ‘egoffiffi
314 111 424 152 aliter
449 125 496 151 ac
521 125 595 151 nos
621 113 808 151 vellemus
833 125 857 150 a
878 117 1014 150 senatu
1038 109 1251 150 iudicatum
1277 118 1346 160 est,
1368 122 1407 151 et

19 158 155 232 ffiii’g't
257 159 289 177 ⁰⁵
311 179 413 216 lator
428 176 526 227 *ipse
566 175 674 226 legis,
712 188 833 225 quum
868 181 971 214 esset
1005 175 1267 214 controversia
1301 177 1408 215 nulla

25 242 127 292 facti,
155 242 245 282 iuris
272 250 404 282 tamen
431 241 753 292 disceptationem
782 253 866 279 esse
893 239 1024 286 voluit,
1050 246 1089 278 et
1119 239 1233 278 electi
1258 239 1406 280 iudices

25 305 135 357 isque
163 306 404 357 praepositus
432 304 650 355 quaestioni
679 304 746 354 qui
774 305 872 343 haec
903 304 1002 343 iuste
1032 304 1302 355 sapienterque
1332 305 1407 345 dis-

26 377 166 421 ceptet,
212 370 402 420 reliquum
448 377 517 417 est,
552 368 710 416 iudices,
749 375 792 406 ut
836 368 932 406 nihil
968 368 1044 406 iam
1083 368 1188 407 aliud
1225 381 1409 418 quaerere

27 434 211 482 debeatis,
244 434 319 473 nisi
349 441 434 472 uter
468 433 543 472 utri
579 432 737 472 insidias
773 432 915 471 fecerit.
992 433 1112 481 Quod
1147 446 1225 483 quo
1260 433 1409 473 facilius

26 498 259 548 argumentis
286 498 502 549 perspicere
527 497 692 548 possitis,
713 510 795 536 rem
823 504 972 547 gestam
994 497 1106 536 vobis
1132 498 1225 535 dum
1243 497 1411 537 breviter

14 575 193 613 expono,
214 575 371 612 quaeso,
391 562 594 613 diligenter
610 561 808 601 attendite.

46 641 229 670 Soetement
244 641 280 668 of
369 629 410 666 P.
457 627 619 667 Clodius
656 640 776 677 quum
813 626 1007 665 statuisset
1044 625 1151 665 omni
1187 627 1331 665 scelere
1367 626 1407 665 in
1427 647 1477 682 24

105 687 212 715 Faets.
317 699 495 742 praetura
535 705 674 731 vexare
718 705 800 730 rem
845 691 1052 741 publicam,
1091 690 1317 741 videretque
1355 691 1410 731 ita

58 737 290 802 Τῗζξξζζῖζςὼε
317 762 438 794 tracta
463 768 547 794 esse
575 754 732 793 comitia
753 767 858 793 anno
883 754 1078 804 superiore
1102 761 1145 792 ut
1167 767 1249 793 non
1267 756 1410 793 multos

26 822 175 841 ‘'mm“
191 813 290 846 bfiefly
316 831 468 857 menses
498 825 715 868 praeturam
739 830 871 868 gerere
890 824 1032 867 posset,
1058 817 1124 867 qui
1148 830 1230 856 non
1251 817 1411 856 honoris

26 853 104 879 these
112 861 120 879 ι
164 851 287 883 Clodius,

10 889 129 934 'havipg
161 895 292 932 vostporj-
319 882 481 932 gradum
513 889 713 932 spectaret,
745 889 788 920 ut
820 882 948 930 ceteri,
983 883 1053 921 sed
1083 889 1122 921 et
1152 884 1194 921 L.
1232 885 1410 922 Paullum

25 927 294 1001 Σᾱξῗὲξπζὲζῗζὲ
320 947 509 996 collegam
541 947 707 996 effugere
738 947 864 994 vellet,
897 946 1077 996 singulari
1106 946 1244 985 virtute
1274 947 1410 996 civem,

25 1004 92 1070 {2¹:1¹¹
92 1013 198 1068 {¹222
215 1004 291 1068 ἳῇξο
319 1018 358 1050 et
387 1024 532 1049 annum
561 1010 752 1061 integrum
790 1011 841 1049 ad
874 1010 1161 1049 dilacerandam
1198 1024 1280 1050 rem
1316 1013 1413 1061 pub-

26 1080 199 1144 ἔξὲῗὲῗέ
195 1079 292 1143 3133
316 1076 432 1115 licam
470 1082 698 1125 quaereret3
753 1073 881 1113 subito
919 1074 1074 1124 reliquit
1111 1088 1258 1113 annum
1297 1089 1409 1114 suum

27 1155 76 1183 the
87 1163 246 1188 sameyear.
319 1153 482 1190 seseque
513 1139 554 1177 in
584 1152 730 1178 annum
758 1138 977 1189 proximum
1005 1139 1206 1186 transtulit,
1238 1152 1331 1187 non,
1370 1147 1413 1178 ut

6 1208 81 1256 fit,
109 1207 293 1257 religione
325 1205 465 1255 aliqua,
503 1205 573 1243 sed
609 1211 652 1242 ut
681 1204 851 1251 haberet,
890 1203 998 1252 quod
1034 1202 1117 1253 ipse
1155 1203 1322 1251 dicebat,
1360 1206 1411 1244 ad

27 1277 245 1322 praeturam
277 1270 497 1320 gerendam,
531 1269 607 1306 hoc
638 1275 707 1314 est,
739 1267 790 1305 ad
823 1268 1072 1305 evertendam
1101 1280 1183 1305 rem
1211 1267 1407 1317 publicam

28 1334 187 1385 plenum
213 1346 359 1372 annum
393 1338 510 1382 atque
539 1331 740 1380 integrum.
814 1331 1052 1368 Occurrebat
1082 1329 1118 1368 ei
1153 1343 1333 1368 mancam
1362 1344 1408 1369 ac
1429 1353 1449 1377 2
1455 1351 1476 1390 5

29 1398 197 1439 debilem
223 1403 441 1447 praeturam
462 1396 627 1433 futuram
647 1407 767 1441 suam,
788 1395 947 1432 consule
971 1393 1150 1441 Milone;
1178 1407 1268 1433 eum
1291 1408 1408 1445 porro

27 1474 181 1502 summo
227 1472 422 1499 consensu
466 1458 603 1508 populi
654 1457 825 1496 Romani
870 1458 1071 1496 consulem
1116 1458 1198 1496 fieri
1239 1458 1407 1498 videbat.

62 1545 230 1578 Foreseeing
245 1544 293 1571 the
322 1522 499 1564 Contulit
528 1535 570 1561 se
598 1522 650 1560 ad
682 1521 763 1560 eius
795 1520 1081 1571 competitores,
1113 1522 1183 1560 sed
1210 1521 1264 1560 ita
1288 1530 1411 1561 totam

29 1589 199 1616 “mequem
239 1582 293 1608 ‘³¹⁵'
319 1595 362 1626 ut
390 1586 618 1638 petitionem
643 1585 726 1635 ipse
752 1585 856 1623 solus
886 1584 1004 1623 etiam
1028 1583 1156 1623 invitis
1180 1584 1253 1624 illis
1277 1588 1413 1636 guber-

28 1622 161 1686 πηωέξιῗ
171 1620 293 1691 <giezi
322 1658 430 1690 naret
443 1665 454 1699 3
495 1657 577 1689 tota
623 1657 666 1687 ut
705 1648 862 1687 comitia
894 1648 982 1696 suis,
1016 1655 1059 1686 ut
1091 1648 1305 1697 dictitabat,
1343 1651 1411 1689 hu-

1 1722 3 1744 ἓ
28 1697 135 1761 ,ξξῃῗζζ
146 1696 293 1761 ἷξοέξςξξ
319 1714 432 1753 meris
457 1713 669 1753 sustineret.
729 1714 985 1752 Convocabat
1012 1712 1144 1758 tribus,
1175 1726 1217 1751 se
1245 1713 1413 1763 interpo-

0 1778 2 1786 “
29 1772 123 1800 ”³⁰⁶⁵
133 1772 266 1802 *κεύθω
317 1780 446 1825 nebat,
477 1777 672 1816 Collinam
707 1789 851 1814 novam
888 1775 1033 1814 dilectu
1061 1776 1407 1825 perditissimorum

30 1844 172 1884 civium
205 1842 485 1884 conscribebat.
558 1842 716 1890 Quanto
746 1840 810 1879 ille
842 1841 953 1889 plura
981 1839 1180 1888 miscebat,
1208 1848 1318 1880 tanto
1348 1842 1412 1880 hic

29 1945 85 1973 and
105 1945 171 1972 theu
197 1945 294 1976 ming
319 1905 440 1955 magis
477 1905 518 1943 in
554 1905 636 1944 dies
674 1905 980 1948 convalescebat.
1040 1904 1123 1943 Ubi
1158 1904 1255 1943 vidit
1290 1906 1411 1945 homo

15 1965 181 2010 -thattobe’
195 1983 294 2015 impos·
320 1972 371 2010 ad
403 1983 518 2009 omne
547 1969 694 2007 facinus
719 1968 980 2019 paratissimus
1004 1968 1252 2007 fortissimum
1275 1970 1409 2018 virum,

29 2020 252 2091 30³2&ng
265 2025 299 2083 {J}
321 2034 624 2073 inimicissimum
643 2047 766 2081 suum,
787 2032 1041 2071 certissimum
1060 2035 1272 2082 consulem,
1292 2034 1410 2084 idque

18 2092 295 2160 ,⁵ffiffnclffmffg'⁵¹igssj
322 2097 509 2137 intellexit
539 2110 621 2136 non
651 2098 777 2135 solum
809 2095 1052 2134 sermonibus
1084 2097 1154 2134 sed
1191 2096 1308 2135 etiam
1339 2099 1412 2136 suf-

31 2170 296 2214 oeqptedimhesol-
321 2161 448 2211 fragiis
485 2161 621 2211 populi
667 2159 839 2199 Romani
876 2172 993 2208 saepe
1031 2172 1115 2198 esse
1160 2161 1408 2210 declaratum,

30 2208 132 2241 ’πῶς
142 2217 265 2236 mnne*
322 2225 452 2274 palam
475 2237 588 2274 agere
608 2223 738 2273 coepit
768 2230 806 2261 et
831 2229 962 2272 aperte
993 2222 1120 2261 dicere
1150 2224 1410 2264 occidendum

33 2286 234 2326 Milonem.
291 2289 428 2327 Servos
452 2294 620 2337 agrestes
648 2294 687 2326 et
714 2288 909 2334 barbaros,
932 2285 1071 2335 quibus
1098 2286 1211 2327 silvas
1234 2289 1407 2339 publicas
1433 2293 1479 2329 26

31 2352 289 2402 depopulatus
318 2358 399 2390 erat
427 2351 695 2401 Etruriamque
722 2358 888 2398 vexarat,
910 2363 958 2389 ex
977 2352 1216 2401 Appennino
1241 2353 1408 2393 deduxe-

32 2421 100 2463 rat,
121 2427 219 2465 quos
242 2415 443 2455 videbatis.
501 2417 582 2455 Res
608 2423 687 2455 erat
711 2415 870 2454 minime
896 2416 1084 2456 obscura:
1112 2416 1255 2456 etenim
1281 2419 1408 2467 palam
