1540 2488
9 813 11 823 ¹
55 807 186 839 approval
213 807 246 834 of
272 807 319 834 the

494 26 576 64 Pro
590 29 594 31 ’
608 26 649 64 Ῑῖ
678 25 810 64 Annio
835 24 989 64 mirone.
1421 35 1441 74 5

63 117 67 120 ’
94 108 160 142 ObJ’-
185 117 209 136 2·
252 109 280 154 1}
300 109 324 160 {s
346 105 501 154 dicitur,
539 106 704 145 caedem
742 106 784 144 in
822 118 902 156 qua
929 107 971 145 P.
1004 104 1168 145 Clodius
1205 104 1358 144 occisus
1386 113 1446 145 est

58 147 325 220 :licizgaiaffliiss
352 177 532 209 senatum
559 170 754 209 iudicasse
782 177 918 209 contra
940 183 1022 208 rem
1045 169 1243 219 publicam
1263 182 1349 208 esse
1367 170 1444 208 fac.-

59 225 325 296 Yssssstss'ss‘ffisscssss
352 241 442 272 tam.
514 234 629 272 Illam
667 247 761 273 vero
801 241 959 272 senatus
999 247 1081 272 non
1124 233 1327 273 sententiis
1366 235 1444 274 suis

59 300 107 327 the
119 301 229 328 Senm-
351 300 477 338 solum
503 300 572 338 sed
599 299 718 337 etiam
743 299 881 338 studiis
907 300 1188 350 comprobavit.
1246 299 1441 349 Quotiens

59 361 164 400 enim
193 369 252 400 est
277 362 344 401 illa
369 376 487 402 causa
514 377 539 402 a
565 364 680 402 nobis
705 371 795 402 acta
822 364 862 401 in
891 367 1044 403 senatu!
1074 365 1215 414 quibus
1243 364 1444 403 adsensio-

57 426 172 466 nibus
191 428 358 467 universi
378 428 537 475 ordinis,
559 441 676 478 quam
697 441 771 466 nec
790 428 918 467 tacitis
938 442 1011 467 nec
1030 429 1210 468 occultis!
1268 429 1441 478 Quando

57 490 163 529 enim
198 492 510 542 frequentissimo
548 500 687 531 senatu
724 500 907 542 quattuor
943 501 1010 532 aut
1040 506 1234 531 summum
1267 493 1440 543 quinque

27 563 146 594 -rsunt
174 556 321 594 inventi
351 556 416 606 qui
448 556 610 594 Milonis
640 569 798 594 causam
822 569 903 595 non
934 558 1174 606 probarent?
1229 558 1441 595 Declarant

89 655 196 682 Nowit
213 655 237 682 is
256 656 319 682 πη
345 618 459 657 huius
498 620 666 658 ambusti
694 619 837 659 tribuni
874 620 1000 670 plebis
1037 620 1127 659 illae
1164 620 1439 673 intermortuae

55 692 156 719 known
184 693 245 720 that
273 694 320 720 the
348 685 552 725 contiones
580 685 720 734 quibus
747 685 921 734 quotidie
944 698 1073 723 meam
1098 685 1318 734 potentiam
1345 684 1441 723 invi-

56 731 322 795 ἷξζξξζζζζῖῗζιζ
349 749 460 787 diose
493 749 780 796 criminabatur,
815 762 936 799 quum
969 750 1116 789 diceret
1148 758 1328 788 senatum
1359 763 1441 789 non

349 815 456 862 quod
494 813 654 853 sentiret
684 814 753 852 sed
787 814 895 863 quod
933 827 1007 864 ego
1038 815 1181 852 vellem
1218 814 1437 853 decernere.

344 876 457 927 Quae
488 879 646 928 quidem
677 877 708 916 si
745 878 922 927 potentia
957 886 1014 916 est
1047 878 1284 928 appellanda
1312 877 1442 928 potius

55 953 172 991 quam
199 949 266 981 aut
288 951 447 993 propter
478 955 621 992 magna
652 941 693 980 in
725 955 808 980 rem
836 943 1034 992 publicam
1064 943 1200 982 merita
1228 943 1439 983 mediocris

5 1050 6 1053 Ἴ
55 1006 96 1045 in
123 1007 239 1046 bonis
267 1008 393 1046 causis
421 1007 631 1046 auctoritas
659 1014 727 1045 aut
754 1015 916 1057 propter
951 1008 1025 1046 hos
1053 1008 1250 1047 officiosos
1286 1008 1442 1047 labores

56 1083 164 1110 meos
183 1073 372 1110 nonnulla
385 1072 490 1122 apud
505 1072 632 1110 bonos
645 1072 779 1121 gratia,
798 1073 1015 1122 appelletur
1028 1072 1082 1110 ita
1101 1085 1205 1118 sane,
1224 1072 1440 1111 dummodo

55 1147 102 1173 ea
128 1147 202 1174 nos
226 1143 379 1175 utamur
406 1149 476 1186 pro
505 1137 628 1175 salute
656 1138 851 1175 bonorum
877 1144 1014 1175 contra
1038 1137 1250 1175 amentiam
1271 1136 1440 1186 perdito-

23 1198 28 1205 '
86 1223 127 1249 As
144 1228 173 1249 to
190 1223 237 1249 the
259 1232 319 1256 pre„
346 1210 440 1237 rum.
499 1199 619 1235 Hanc
647 1210 741 1236 vero
770 1197 1051 1247 quaestionem,
1074 1197 1145 1236 etsi
1173 1210 1255 1236 non
1284 1205 1342 1236 est
1370 1198 1438 1237 ini-

54 1261 318 1332 ζξῖξιξζῗξγῑηίῑῖἵὲ
346 1274 434 1311 qua,
455 1274 670 1311 numquam
689 1268 820 1300 tamen
850 1269 1007 1300 senatus
1033 1262 1348 1302 constituendam
1372 1277 1440 1313 pu-

8 842 11 887 J
54 847 103 871 act
110 845 197 879 itsegfi

0 1336 1 1341 ¹
55 1344 152 1364 notset
163 1348 199 1365 on
211 1339 270 1365 root
281 1339 318 1372 by
346 1326 457 1365 tavit:
487 1332 597 1364 erant
623 1326 727 1364 enim
753 1327 870 1375 leges,
892 1334 1001 1364 erant
1026 1326 1287 1375 quaestiones,
1308 1327 1371 1365 vel
1390 1327 1440 1366 de

57 1376 103 1403 ²²¹⁶
116 1377 226 1403 senate*
348 1391 468 1429 caede
488 1391 550 1427 vel
570 1390 620 1428 de
638 1388 675 1427 vi
683 1404 695 1437 3
724 1402 799 1428 nec
819 1397 969 1428 tantum
989 1403 1207 1429 moerorem
1226 1403 1274 1429 ac
1292 1392 1438 1430 luctum

57 1458 207 1498 senatui
231 1471 336 1497 mors
364 1459 405 1496 P.
428 1457 558 1496 Clodii
581 1458 782 1496 adferebat
807 1465 849 1496 ut
868 1471 972 1496 nova
991 1458 1169 1508 quaestio
1189 1460 1440 1499 constituere-

57 1530 128 1562 tur.
185 1523 306 1563 Cuius
334 1522 439 1561 enim
468 1522 517 1560 de
546 1522 613 1561 illo
641 1522 792 1561 incesto
820 1530 953 1573 stupro
982 1523 1168 1562 iudicium
1201 1525 1440 1564 decernendi

59 1587 206 1627 senatui
224 1594 396 1638 potestas
417 1593 517 1625 esset
537 1594 678 1636 erepta,
697 1587 746 1625 de
766 1586 847 1625 eius
867 1587 1020 1626 interitu
1040 1588 1125 1638 quis
1140 1595 1270 1638 potest
1285 1590 1442 1628 credere

58 1658 235 1691 senatum
263 1650 448 1690 iudicium
478 1663 623 1689 novum
654 1651 970 1690 constituendum
998 1654 1184 1701 putasse?
1226 1654 1306 1692 Cur
1329 1653 1443 1704 igitur

57 1716 281 1756 incendium
307 1716 445 1762 curiae,
470 1716 801 1765 oppugnationem
829 1716 985 1755 aedium
1015 1718 1071 1755 M.
1095 1717 1245 1767 Lepidi,
1275 1719 1439 1757 caedem

57 1781 159 1819 hanc
176 1781 301 1831 ipsam
319 1787 455 1819 contra
472 1793 553 1818 rem
575 1779 772 1829 publicam
796 1787 951 1818 senatus
973 1781 1114 1818 factam
1137 1793 1222 1819 esse
1242 1781 1443 1821 decrevit?

57 1843 147 1894 quia
165 1845 271 1882 nulla
283 1843 340 1881 vis
362 1855 547 1892 umquam
563 1849 621 1880 est
642 1842 682 1880 in
701 1842 821 1881 libera
837 1842 992 1881 civitate
1015 1850 1195 1892 suscepta
1215 1844 1315 1883 inter
1337 1845 1441 1884 cives

56 1920 138 1947 non
160 1915 294 1946 contra
315 1920 395 1945 rem
418 1906 625 1956 publicam.
684 1908 778 1945 Non
803 1907 907 1956 enim
933 1915 992 1946 est
1016 1907 1082 1946 illa
1106 1909 1280 1948 defensio
1306 1917 1440 1949 contra

56 1972 134 2011 vim
161 1984 347 2020 umquam
375 1971 559 2019 optanda,
583 1971 653 2008 sed
677 1983 758 2008 non
783 1984 996 2021 numquam
1020 1979 1078 2010 est
1100 1973 1338 2013 necessaria:
1366 1974 1442 2013 nisi

57 2048 148 2074 vero
176 2041 243 2073 aut
274 2033 339 2072 ille
371 2034 454 2072 dies
486 2046 566 2083 quo
598 2034 658 2072 Ti.
688 2033 892 2073 Gracchus
917 2043 975 2074 est
1002 2049 1150 2083 caesus,
1178 2045 1245 2076 aut
1271 2038 1337 2077 ille
1362 2052 1442 2089 quo

4 2094 14 2146 s
57 2098 187 2146 Gaius,
217 2104 283 2136 aut
310 2110 415 2135 asma
442 2097 635 2135 Saturnini
658 2111 750 2145 non,
777 2099 928 2137 etiamsi
956 2113 978 2138 e
1005 2113 1047 2139 re
1072 2101 1230 2150 publica
1257 2115 1444 2152 oppressa

4 2166 38 2213 ’6
85 2173 321 2206 vet,sineeevery
347 2169 448 2210 sunt,
481 2175 563 2200 rem
591 2163 787 2212 publicam
825 2171 956 2203 tamen
988 2167 1245 2204 vulnerarunt.
1303 2168 1444 2217 Itaque

58 2211 326 2276 {ffwessssrmffg'ss}
352 2238 426 2274 ego
453 2225 536 2275 ipse
558 2227 723 2274 decrevi,
744 2241 862 2277 quum
892 2229 1055 2267 caedem
1082 2228 1123 2267 in
1144 2230 1275 2279 Appia
1300 2231 1442 2269 factam

1460 1208 1505 1244 13

1463 1925 1508 1959 14

57 2286 321 2320 ¹³¹5»¹”¹¹⁵‘¹’⁶d⁶·
350 2303 434 2329 esse
453 2298 657 2338 constaret,
681 2304 763 2330 non
782 2305 878 2332 eum.
894 2292 960 2342 qui
983 2305 1025 2331 se
1047 2292 1285 2332 defendisset
1309 2301 1467 2346 contra,

58 2325 196 2353 uimental
211 2331 240 2351 to
255 2325 323 2359 pub-

59 2363 96 2390 lic
117 2362 284 2394 mnfidenee,
307 2363 321 2389 1
348 2367 430 2393 rem
448 2355 646 2405 publicam
664 2355 810 2401 fecisse,
832 2357 913 2405 sed,
935 2370 1054 2407 quum
1075 2356 1247 2397 inessent
1268 2358 1309 2397 in
1326 2372 1368 2398 re
1386 2359 1444 2399 vis

59 2400 322 2465 ζὲἓοῖᾙῗεῒᾷῗζ
350 2427 389 2459 et
421 2420 594 2469 insidiae,
622 2420 767 2460 crimen
793 2421 937 2461 iudicio
961 2422 1160 2472 reservavi,
1188 2436 1269 2462 rem
1298 2424 1442 2465 notavi.
