<?xml version="1.0" encoding="UTF-8"?>
<!DOCTYPE html PUBLIC "-//W3C//DTD XHTML 1.0 Transitional//EN"
    "http://www.w3.org/TR/xhtml1/DTD/xhtml1-transitional.dtd">
<html xmlns="http://www.w3.org/1999/xhtml" xml:lang="en" lang="en">
 <head>
  <title>
</title>
<meta http-equiv="Content-Type" content="text/html;charset=utf-8" />
  <meta name='ocr-system' content='tesseract 3.04.00' />
  <meta name='ocr-capabilities' content='ocr_page ocr_carea ocr_par ocr_line ocrx_word'/>
</head>
<body>
  <div class='ocr_page' id='page_1' title='image "./oratioprotitoann00ciceuoft_0033.png"; bbox 0 0 1540 2488; ppageno 0'>
   <div class='ocr_carea' id='block_1_1' title="bbox 477 4 1438 78">
    <p class='ocr_par' dir='ltr' id='par_1_1' title="bbox 477 4 1438 78">
     <span class='ocr_line' id='line_1_1' title="bbox 477 4 1438 78; baseline -0.002 -6"><span class='ocrx_word' id='word_1_1' title='bbox 477 35 559 72; x_wconf 81' lang='lat' dir='ltr'><strong>Pro</strong></span> <span class='ocrx_word' id='word_1_2' title='bbox 592 35 633 72; x_wconf 75' lang='lat'><strong>73</strong></span> <span class='ocrx_word' id='word_1_3' title='bbox 662 4 793 72; x_wconf 30' lang='lat' dir='ltr'><strong>Am-u&#39;o</strong></span> <span class='ocrx_word' id='word_1_4' title='bbox 819 34 973 72; x_wconf 70' lang='lat' dir='ltr'><strong>Mlone.</strong></span> <span class='ocrx_word' id='word_1_5' title='bbox 1274 67 1278 71; x_wconf 91' lang='lat'>.</span> <span class='ocrx_word' id='word_1_6' title='bbox 1416 38 1438 78; x_wconf 83' lang='grc'><strong>7</strong></span> 
     </span>
    </p>
   </div>
   <div class='ocr_carea' id='block_1_2' title="bbox 0 110 1501 1316">
    <p class='ocr_par' dir='ltr' id='par_1_2' title="bbox 0 110 1501 1316">
     <span class='ocr_line' id='line_1_2' title="bbox 53 110 1436 162; baseline -0.001 -11"><span class='ocrx_word' id='word_1_7' title='bbox 53 116 155 161; x_wconf 37' lang='lat' dir='ltr'><strong>med-al</strong></span> <span class='ocrx_word' id='word_1_8' title='bbox 191 117 317 162; x_wconf 67' lang='lat' dir='ltr'><strong>cqmmis·</strong></span> <span class='ocrx_word' id='word_1_9' title='bbox 344 110 420 151; x_wconf 91' lang='lat' dir='ltr'><strong>alio</strong></span> <span class='ocrx_word' id='word_1_10' title='bbox 447 110 617 151; x_wconf 88' lang='lat' dir='ltr'><strong>facinore</strong></span> <span class='ocrx_word' id='word_1_11' title='bbox 642 111 733 150; x_wconf 90' lang='lat' dir='ltr'><strong>clari</strong></span> <span class='ocrx_word' id='word_1_12' title='bbox 758 112 936 151; x_wconf 90' lang='lat' dir='ltr'><strong>homines</strong></span> <span class='ocrx_word' id='word_1_13' title='bbox 962 111 1038 151; x_wconf 87' lang='lat' dir='ltr'><strong>alio</strong></span> <span class='ocrx_word' id='word_1_14' title='bbox 1064 111 1218 151; x_wconf 90' lang='lat' dir='ltr'>obscuri</span> <span class='ocrx_word' id='word_1_15' title='bbox 1239 119 1436 150; x_wconf 83' lang='lat' dir='ltr'><strong>necantur.</strong></span> 
     </span>
     <span class='ocr_line' id='line_1_3' title="bbox 18 155 1438 227; baseline 0 -12"><span class='ocrx_word' id='word_1_16' title='bbox 18 192 21 227; x_wconf 59' lang='grc' dir='ltr'><strong><em>ς</em></strong></span> <span class='ocrx_word' id='word_1_17' title='bbox 53 155 314 186; x_wconf 55' lang='lat' dir='ltr'><strong>⁵¹⁰⁰¹¹⁸³h⁶⁸oe⁵²</strong></span> <span class='ocrx_word' id='word_1_18' title='bbox 346 175 504 215; x_wconf 89' lang='lat' dir='ltr'>Intersit</span> <span class='ocrx_word' id='word_1_19' title='bbox 539 175 640 214; x_wconf 90' lang='lat' dir='ltr'><strong>inter</strong></span> <span class='ocrx_word' id='word_1_20' title='bbox 667 175 769 215; x_wconf 91' lang='lat' dir='ltr'><strong>vitae</strong></span> <span class='ocrx_word' id='word_1_21' title='bbox 797 176 1026 226; x_wconf 87' lang='lat' dir='ltr'><strong>dignitatem</strong></span> <span class='ocrx_word' id='word_1_22' title='bbox 1054 189 1293 215; x_wconf 90' lang='lat' dir='ltr'><strong>summorum</strong></span> <span class='ocrx_word' id='word_1_23' title='bbox 1320 182 1438 226; x_wconf 84' lang='lat' dir='ltr'><strong>atque</strong></span> 
     </span>
     <span class='ocr_line' id='line_1_4' title="bbox 18 233 1436 290; baseline 0.001 -13"><span class='ocrx_word' id='word_1_24' title='bbox 18 233 19 236; x_wconf 29' lang='lat'>¹</span> <span class='ocrx_word' id='word_1_25' title='bbox 52 238 289 288; x_wconf 87' lang='lat' dir='ltr'><strong>infimorum;</strong></span> <span class='ocrx_word' id='word_1_26' title='bbox 325 253 428 278; x_wconf 92' lang='lat' dir='ltr'><strong>mors</strong></span> <span class='ocrx_word' id='word_1_27' title='bbox 465 239 623 289; x_wconf 89' lang='lat' dir='ltr'><strong>quidem</strong></span> <span class='ocrx_word' id='word_1_28' title='bbox 660 239 765 278; x_wconf 86' lang='lat' dir='ltr'><strong>illata</strong></span> <span class='ocrx_word' id='word_1_29' title='bbox 801 253 871 290; x_wconf 93' lang='lat' dir='ltr'><strong>per</strong></span> <span class='ocrx_word' id='word_1_30' title='bbox 906 241 1031 279; x_wconf 92' lang='lat' dir='ltr'><strong>scelus</strong></span> <span class='ocrx_word' id='word_1_31' title='bbox 1061 239 1185 279; x_wconf 90' lang='lat' dir='ltr'><strong>isdem</strong></span> <span class='ocrx_word' id='word_1_32' title='bbox 1224 247 1263 278; x_wconf 91' lang='lat' dir='ltr'><strong>et</strong></span> <span class='ocrx_word' id='word_1_33' title='bbox 1298 238 1436 289; x_wconf 89' lang='lat' dir='ltr'><strong>poenis</strong></span> 
     </span>
     <span class='ocr_line' id='line_1_5' title="bbox 52 302 1434 354; baseline 0 -13"><span class='ocrx_word' id='word_1_34' title='bbox 52 310 226 342; x_wconf 87' lang='lat' dir='ltr'><strong>teneatur</strong></span> <span class='ocrx_word' id='word_1_35' title='bbox 262 311 301 342; x_wconf 92' lang='lat' dir='ltr'><strong>et</strong></span> <span class='ocrx_word' id='word_1_36' title='bbox 336 304 496 354; x_wconf 86' lang='lat' dir='ltr'><strong>legibus.</strong></span> <span class='ocrx_word' id='word_1_37' title='bbox 554 303 640 342; x_wconf 91' lang='lat' dir='ltr'><strong>Nisi</strong></span> <span class='ocrx_word' id='word_1_38' title='bbox 676 305 774 343; x_wconf 85' lang='lat' dir='ltr'><strong>forte</strong></span> <span class='ocrx_word' id='word_1_39' title='bbox 806 304 927 354; x_wconf 84' lang='lat' dir='ltr'><strong>magis</strong></span> <span class='ocrx_word' id='word_1_40' title='bbox 965 304 1034 343; x_wconf 90' lang='lat' dir='ltr'><strong>erit</strong></span> <span class='ocrx_word' id='word_1_41' title='bbox 1070 303 1260 354; x_wconf 89' lang='lat' dir='ltr'><strong>parricida</strong></span> <span class='ocrx_word' id='word_1_42' title='bbox 1298 303 1329 342; x_wconf 92' lang='lat' dir='ltr'><strong>si</strong></span> <span class='ocrx_word' id='word_1_43' title='bbox 1366 302 1434 354; x_wconf 90' lang='lat' dir='ltr'><strong>qui</strong></span> 
     </span>
     <span class='ocr_line' id='line_1_6' title="bbox 15 354 1432 417; baseline 0.002 -13"><span class='ocrx_word' id='word_1_44' title='bbox 15 354 17 367; x_wconf 57' lang='lat'><strong>⁴</strong></span> <span class='ocrx_word' id='word_1_45' title='bbox 50 367 291 405; x_wconf 83' lang='lat' dir='ltr'><strong>consularem</strong></span> <span class='ocrx_word' id='word_1_46' title='bbox 321 375 469 417; x_wconf 88' lang='lat' dir='ltr'><strong>patrem</strong></span> <span class='ocrx_word' id='word_1_47' title='bbox 497 380 614 417; x_wconf 86' lang='lat' dir='ltr'><strong>quam</strong></span> <span class='ocrx_word' id='word_1_48' title='bbox 644 367 676 406; x_wconf 92' lang='lat' dir='ltr'><strong>si</strong></span> <span class='ocrx_word' id='word_1_49' title='bbox 706 367 791 417; x_wconf 89' lang='lat' dir='ltr'><strong>quis</strong></span> <span class='ocrx_word' id='word_1_50' title='bbox 821 369 1008 407; x_wconf 89' lang='lat' dir='ltr'><strong>humilem</strong></span> <span class='ocrx_word' id='word_1_51' title='bbox 1036 368 1242 416; x_wconf 82' lang='lat' dir='ltr'><strong>necaverit,</strong></span> <span class='ocrx_word' id='word_1_52' title='bbox 1280 375 1348 406; x_wconf 87' lang='lat' dir='ltr'><strong>aut</strong></span> <span class='ocrx_word' id='word_1_53' title='bbox 1384 381 1432 407; x_wconf 94' lang='lat' dir='ltr'><strong>eo</strong></span> 
     </span>
     <span class='ocr_line' id='line_1_7' title="bbox 50 430 1435 481; baseline 0.001 -14"><span class='ocrx_word' id='word_1_54' title='bbox 50 441 153 468; x_wconf 91' lang='lat' dir='ltr'><strong>mors</strong></span> <span class='ocrx_word' id='word_1_55' title='bbox 180 431 347 469; x_wconf 87' lang='lat' dir='ltr'>atrocior</span> <span class='ocrx_word' id='word_1_56' title='bbox 371 430 441 469; x_wconf 90' lang='lat' dir='ltr'><strong>erit</strong></span> <span class='ocrx_word' id='word_1_57' title='bbox 465 433 505 469; x_wconf 90' lang='lat' dir='ltr'><strong>P.</strong></span> <span class='ocrx_word' id='word_1_58' title='bbox 536 431 666 470; x_wconf 92' lang='lat' dir='ltr'><strong>Clodii</strong></span> <span class='ocrx_word' id='word_1_59' title='bbox 695 432 802 481; x_wconf 91' lang='lat' dir='ltr'><strong>quod</strong></span> <span class='ocrx_word' id='word_1_60' title='bbox 829 431 860 470; x_wconf 91' lang='lat' dir='ltr'><strong>is</strong></span> <span class='ocrx_word' id='word_1_61' title='bbox 885 431 926 469; x_wconf 91' lang='lat' dir='ltr'><strong>in</strong></span> <span class='ocrx_word' id='word_1_62' title='bbox 955 432 1217 471; x_wconf 86' lang='lat' dir='ltr'><strong>monumentis</strong></span> <span class='ocrx_word' id='word_1_63' title='bbox 1245 432 1435 471; x_wconf 88' lang='lat' dir='ltr'><strong>maiorum</strong></span> 
     </span>
     <span class='ocr_line' id='line_1_8' title="bbox 12 494 1434 545; baseline 0.001 -13"><span class='ocrx_word' id='word_1_64' title='bbox 12 538 13 543; x_wconf 16' lang='lat'>¹</span> <span class='ocrx_word' id='word_1_65' title='bbox 51 507 206 533; x_wconf 90' lang='lat' dir='ltr'><strong>suorum</strong></span> <span class='ocrx_word' id='word_1_66' title='bbox 225 494 273 533; x_wconf 91' lang='lat' dir='ltr'><strong>sit</strong></span> <span class='ocrx_word' id='word_1_67' title='bbox 291 494 512 534; x_wconf 88' lang='lat' dir='ltr'><strong>interfectus</strong></span> <span class='ocrx_word' id='word_1_68' title='bbox 529 511 537 534; x_wconf 89' lang='lat'>:</span> <span class='ocrx_word' id='word_1_69' title='bbox 565 496 641 534; x_wconf 90' lang='lat' dir='ltr'><strong>hoc</strong></span> <span class='ocrx_word' id='word_1_70' title='bbox 655 495 758 534; x_wconf 90' lang='lat' dir='ltr'><strong>enirn</strong></span> <span class='ocrx_word' id='word_1_71' title='bbox 769 496 820 534; x_wconf 93' lang='lat' dir='ltr'><strong>ab</strong></span> <span class='ocrx_word' id='word_1_72' title='bbox 841 495 922 534; x_wconf 90' lang='lat' dir='ltr'><strong>istis</strong></span> <span class='ocrx_word' id='word_1_73' title='bbox 942 508 1058 545; x_wconf 83' lang='lat' dir='ltr'><strong>saepe</strong></span> <span class='ocrx_word' id='word_1_74' title='bbox 1079 495 1218 534; x_wconf 91' lang='lat' dir='ltr'><strong>dicitur</strong></span> <span class='ocrx_word' id='word_1_75' title='bbox 1229 509 1241 545; x_wconf 80' lang='lat'><em>3</em></span> <span class='ocrx_word' id='word_1_76' title='bbox 1269 495 1434 545; x_wconf 87' lang='lat' dir='ltr'><strong>proinde</strong></span> 
     </span>
     <span class='ocr_line' id='line_1_9' title="bbox 50 560 1434 611; baseline 0 -13"><span class='ocrx_word' id='word_1_77' title='bbox 50 560 159 609; x_wconf 84' lang='lat' dir='ltr'><strong>quasi</strong></span> <span class='ocrx_word' id='word_1_78' title='bbox 178 561 327 611; x_wconf 90' lang='lat' dir='ltr'><strong>Appius</strong></span> <span class='ocrx_word' id='word_1_79' title='bbox 350 561 414 599; x_wconf 92' lang='lat' dir='ltr'><strong>ille</strong></span> <span class='ocrx_word' id='word_1_80' title='bbox 435 562 587 600; x_wconf 84' lang='lat' dir='ltr'><strong>Caecus</strong></span> <span class='ocrx_word' id='word_1_81' title='bbox 606 561 708 600; x_wconf 89' lang='lat' dir='ltr'><strong>viam</strong></span> <span class='ocrx_word' id='word_1_82' title='bbox 731 561 946 608; x_wconf 86' lang='lat' dir='ltr'><strong>muniverit,</strong></span> <span class='ocrx_word' id='word_1_83' title='bbox 971 574 1053 599; x_wconf 86' lang='lat' dir='ltr'><strong>non</strong></span> <span class='ocrx_word' id='word_1_84' title='bbox 1070 574 1147 610; x_wconf 89' lang='lat' dir='ltr'><strong>qua</strong></span> <span class='ocrx_word' id='word_1_85' title='bbox 1166 562 1334 611; x_wconf 89' lang='lat' dir='ltr'><strong>populus</strong></span> <span class='ocrx_word' id='word_1_86' title='bbox 1353 568 1434 598; x_wconf 89' lang='lat' dir='ltr'><strong>ute-</strong></span> 
     </span>
     <span class='ocr_line' id='line_1_10' title="bbox 49 624 1501 675; baseline 0.001 -13"><span class='ocrx_word' id='word_1_87' title='bbox 49 631 160 672; x_wconf 88' lang='lat' dir='ltr'><strong>retur,</strong></span> <span class='ocrx_word' id='word_1_88' title='bbox 194 625 263 663; x_wconf 89' lang='lat' dir='ltr'><strong>sed</strong></span> <span class='ocrx_word' id='word_1_89' title='bbox 290 625 358 663; x_wconf 89' lang='lat' dir='ltr'><strong>ubi</strong></span> <span class='ocrx_word' id='word_1_90' title='bbox 386 624 544 675; x_wconf 91' lang='lat' dir='ltr'><strong>impune</strong></span> <span class='ocrx_word' id='word_1_91' title='bbox 574 625 632 663; x_wconf 91' lang='lat' dir='ltr'><strong>sui</strong></span> <span class='ocrx_word' id='word_1_92' title='bbox 661 624 806 675; x_wconf 86' lang='lat' dir='ltr'><strong>posteri</strong></span> <span class='ocrx_word' id='word_1_93' title='bbox 836 625 1163 664; x_wconf 86' lang='lat' dir='ltr'><strong>latrocinarentur.</strong></span> <span class='ocrx_word' id='word_1_94' title='bbox 1222 627 1362 675; x_wconf 89' lang='lat' dir='ltr'><strong>Itaque</strong></span> <span class='ocrx_word' id='word_1_95' title='bbox 1391 625 1431 664; x_wconf 91' lang='lat' dir='ltr'><strong>in</strong></span> <span class='ocrx_word' id='word_1_96' title='bbox 1455 628 1501 664; x_wconf 92' lang='lat'><strong>18</strong></span> 
     </span>
     <span class='ocr_line' id='line_1_11' title="bbox 9 675 1431 739; baseline 0.001 -13"><span class='ocrx_word' id='word_1_97' title='bbox 9 675 11 687; x_wconf 46' lang='lat'><strong><em>¹</em></strong></span> <span class='ocrx_word' id='word_1_98' title='bbox 35 689 185 727; x_wconf 79' lang='lat' dir='ltr'><strong>-eadem</strong></span> <span class='ocrx_word' id='word_1_99' title='bbox 207 688 280 727; x_wconf 88' lang='lat' dir='ltr'><strong>ista</strong></span> <span class='ocrx_word' id='word_1_100' title='bbox 303 689 433 739; x_wconf 87' lang='lat' dir='ltr'><strong>Appia</strong></span> <span class='ocrx_word' id='word_1_101' title='bbox 459 689 522 727; x_wconf 90' lang='lat' dir='ltr'><strong>via</strong></span> <span class='ocrx_word' id='word_1_102' title='bbox 550 702 667 738; x_wconf 90' lang='lat' dir='ltr'><strong>quum</strong></span> <span class='ocrx_word' id='word_1_103' title='bbox 695 688 980 727; x_wconf 88' lang='lat' dir='ltr'><strong>ornatissimum</strong></span> <span class='ocrx_word' id='word_1_104' title='bbox 1007 688 1177 737; x_wconf 90' lang='lat' dir='ltr'><strong>equitem</strong></span> <span class='ocrx_word' id='word_1_105' title='bbox 1206 690 1431 727; x_wconf 86' lang='lat' dir='ltr'><strong>Romanum</strong></span> 
     </span>
     <span class='ocr_line' id='line_1_12' title="bbox 49 753 1433 803; baseline 0.001 -12.971"><span class='ocrx_word' id='word_1_106' title='bbox 49 753 90 791; x_wconf 92' lang='lat' dir='ltr'><strong>P.</strong></span> <span class='ocrx_word' id='word_1_107' title='bbox 113 753 274 792; x_wconf 91' lang='lat' dir='ltr'><strong>Clodius</strong></span> <span class='ocrx_word' id='word_1_108' title='bbox 295 755 350 791; x_wconf 94' lang='lat' dir='ltr'><strong>M.</strong></span> <span class='ocrx_word' id='word_1_109' title='bbox 378 753 572 803; x_wconf 88' lang='lat' dir='ltr'><strong>Papirium</strong></span> <span class='ocrx_word' id='word_1_110' title='bbox 598 753 814 800; x_wconf 90' lang='lat' dir='ltr'><strong>occidisset,</strong></span> <span class='ocrx_word' id='word_1_111' title='bbox 843 766 926 791; x_wconf 92' lang='lat' dir='ltr'><strong>non</strong></span> <span class='ocrx_word' id='word_1_112' title='bbox 947 753 1017 791; x_wconf 90' lang='lat' dir='ltr'><strong>fuit</strong></span> <span class='ocrx_word' id='word_1_113' title='bbox 1039 753 1135 791; x_wconf 90' lang='lat' dir='ltr'><strong>illud</strong></span> <span class='ocrx_word' id='word_1_114' title='bbox 1157 753 1304 791; x_wconf 86' lang='lat' dir='ltr'><strong>facinus</strong></span> <span class='ocrx_word' id='word_1_115' title='bbox 1323 754 1433 803; x_wconf 92' lang='lat' dir='ltr'><strong>puni-</strong></span> 
     </span>
     <span class='ocr_line' id='line_1_13' title="bbox 48 817 1432 868; baseline 0.002 -13"><span class='ocrx_word' id='word_1_116' title='bbox 48 817 192 856; x_wconf 81' lang='lat' dir='ltr'><strong>endum</strong></span> <span class='ocrx_word' id='word_1_117' title='bbox 200 831 211 865; x_wconf 79' lang='lat'><em>3</em></span> <span class='ocrx_word' id='word_1_118' title='bbox 238 818 358 855; x_wconf 92' lang='lat' dir='ltr'><strong>homo</strong></span> <span class='ocrx_word' id='word_1_119' title='bbox 386 818 490 856; x_wconf 89' lang='lat' dir='ltr'><strong>enim</strong></span> <span class='ocrx_word' id='word_1_120' title='bbox 517 818 659 857; x_wconf 91' lang='lat' dir='ltr'><strong>nobilis</strong></span> <span class='ocrx_word' id='word_1_121' title='bbox 688 818 728 856; x_wconf 92' lang='lat' dir='ltr'><strong>in</strong></span> <span class='ocrx_word' id='word_1_122' title='bbox 757 819 834 856; x_wconf 92' lang='lat' dir='ltr'><strong>suis</strong></span> <span class='ocrx_word' id='word_1_123' title='bbox 860 818 1122 856; x_wconf 90' lang='lat' dir='ltr'><strong>monumentis</strong></span> <span class='ocrx_word' id='word_1_124' title='bbox 1151 818 1322 868; x_wconf 91' lang='lat' dir='ltr'><strong>equitem</strong></span> <span class='ocrx_word' id='word_1_125' title='bbox 1351 820 1432 858; x_wconf 92' lang='lat' dir='ltr'><strong>Ro-</strong></span> 
     </span>
     <span class='ocr_line' id='line_1_14' title="bbox 5 881 1430 932; baseline 0.003 -15"><span class='ocrx_word' id='word_1_126' title='bbox 5 884 7 916; x_wconf 79' lang='grc' dir='ltr'><strong><em>ῗ</em></strong></span> <span class='ocrx_word' id='word_1_127' title='bbox 47 893 204 919; x_wconf 85' lang='lat' dir='ltr'><strong>manum</strong></span> <span class='ocrx_word' id='word_1_128' title='bbox 224 881 442 921; x_wconf 88' lang='lat' dir='ltr'><strong>occiderat:</strong></span> <span class='ocrx_word' id='word_1_129' title='bbox 470 895 575 920; x_wconf 92' lang='lat' dir='ltr'><strong>nunc</strong></span> <span class='ocrx_word' id='word_1_130' title='bbox 608 883 782 921; x_wconf 88' lang='lat' dir='ltr'><strong>eiusdem</strong></span> <span class='ocrx_word' id='word_1_131' title='bbox 810 882 963 932; x_wconf 82' lang='lat' dir='ltr'><strong>Appiae</strong></span> <span class='ocrx_word' id='word_1_132' title='bbox 991 896 1137 921; x_wconf 91' lang='lat' dir='ltr'><strong>nomen</strong></span> <span class='ocrx_word' id='word_1_133' title='bbox 1165 890 1329 932; x_wconf 87' lang='lat' dir='ltr'><strong>quantas</strong></span> <span class='ocrx_word' id='word_1_134' title='bbox 1358 890 1430 922; x_wconf 87' lang='lat' dir='ltr'><strong>tra-</strong></span> 
     </span>
     <span class='ocr_line' id='line_1_15' title="bbox 4 943 1430 997; baseline 0.003 -15"><span class='ocrx_word' id='word_1_135' title='bbox 4 993 5 996; x_wconf 11' lang='lat'><em>*</em></span> <span class='ocrx_word' id='word_1_136' title='bbox 47 943 206 994; x_wconf 90' lang='lat' dir='ltr'><strong>goedias</strong></span> <span class='ocrx_word' id='word_1_137' title='bbox 236 945 400 985; x_wconf 86' lang='lat' dir='ltr'><strong>excitat!</strong></span> <span class='ocrx_word' id='word_1_138' title='bbox 460 947 571 995; x_wconf 85' lang='lat' dir='ltr'><strong>Quae</strong></span> <span class='ocrx_word' id='word_1_139' title='bbox 603 954 802 985; x_wconf 85' lang='lat' dir='ltr'><strong>cruentata</strong></span> <span class='ocrx_word' id='word_1_140' title='bbox 831 954 946 985; x_wconf 89' lang='lat' dir='ltr'><strong>antea</strong></span> <span class='ocrx_word' id='word_1_141' title='bbox 976 948 1097 985; x_wconf 88' lang='lat' dir='ltr'><strong>caede</strong></span> <span class='ocrx_word' id='word_1_142' title='bbox 1127 947 1281 986; x_wconf 90' lang='lat' dir='ltr'><strong>honesti</strong></span> <span class='ocrx_word' id='word_1_143' title='bbox 1313 955 1430 997; x_wconf 90' lang='lat' dir='ltr'><strong>atque</strong></span> 
     </span>
     <span class='ocr_line' id='line_1_16' title="bbox 47 1008 1434 1062; baseline 0.003 -15"><span class='ocrx_word' id='word_1_144' title='bbox 47 1008 264 1048; x_wconf 90' lang='lat' dir='ltr'><strong>innocentis</strong></span> <span class='ocrx_word' id='word_1_145' title='bbox 288 1010 358 1048; x_wconf 92' lang='lat' dir='ltr'><strong>viri</strong></span> <span class='ocrx_word' id='word_1_146' title='bbox 381 1010 572 1059; x_wconf 84' lang='lat' dir='ltr'><strong>silebatur,</strong></span> <span class='ocrx_word' id='word_1_147' title='bbox 596 1012 734 1050; x_wconf 90' lang='lat' dir='ltr'><strong>eadem</strong></span> <span class='ocrx_word' id='word_1_148' title='bbox 756 1025 862 1050; x_wconf 91' lang='lat' dir='ltr'><strong>nunc</strong></span> <span class='ocrx_word' id='word_1_149' title='bbox 884 1014 1019 1051; x_wconf 92' lang='lat' dir='ltr'><strong>crebro</strong></span> <span class='ocrx_word' id='word_1_150' title='bbox 1042 1020 1255 1062; x_wconf 88' lang='lat' dir='ltr'><strong>usurpatur,</strong></span> <span class='ocrx_word' id='word_1_151' title='bbox 1282 1020 1434 1062; x_wconf 88' lang='lat' dir='ltr'><strong>postea-</strong></span> 
     </span>
     <span class='ocr_line' id='line_1_17' title="bbox 47 1074 1432 1127; baseline 0.003 -16"><span class='ocrx_word' id='word_1_152' title='bbox 47 1086 164 1123; x_wconf 84' lang='lat' dir='ltr'><strong>quam</strong></span> <span class='ocrx_word' id='word_1_153' title='bbox 195 1074 354 1113; x_wconf 89' lang='lat' dir='ltr'><strong>latronis</strong></span> <span class='ocrx_word' id='word_1_154' title='bbox 387 1082 425 1114; x_wconf 90' lang='lat' dir='ltr'><strong>et</strong></span> <span class='ocrx_word' id='word_1_155' title='bbox 457 1075 671 1125; x_wconf 88' lang='lat' dir='ltr'><strong>parricidae</strong></span> <span class='ocrx_word' id='word_1_156' title='bbox 705 1075 891 1126; x_wconf 84' lang='lat' dir='ltr'><strong>sanguine</strong></span> <span class='ocrx_word' id='word_1_157' title='bbox 924 1075 1072 1114; x_wconf 88' lang='lat' dir='ltr'><strong>imbuta</strong></span> <span class='ocrx_word' id='word_1_158' title='bbox 1102 1083 1168 1115; x_wconf 91' lang='lat' dir='ltr'><strong>est.</strong></span> <span class='ocrx_word' id='word_1_159' title='bbox 1227 1078 1304 1115; x_wconf 91' lang='lat' dir='ltr'><strong>Sed</strong></span> <span class='ocrx_word' id='word_1_160' title='bbox 1337 1077 1432 1127; x_wconf 89' lang='lat' dir='ltr'><strong>quid</strong></span> 
     </span>
     <span class='ocr_line' id='line_1_18' title="bbox 0 1139 1434 1191; baseline 0.001 -14"><span class='ocrx_word' id='word_1_161' title='bbox 0 1167 1 1191; x_wconf 71' lang='lat'><em>÷</em></span> <span class='ocrx_word' id='word_1_162' title='bbox 80 1146 160 1190; x_wconf 51' lang='lat' dir='ltr'><strong>Mor?</strong></span> <span class='ocrx_word' id='word_1_163' title='bbox 176 1146 306 1190; x_wconf 61' lang='lat' dir='ltr'><strong>recen51y‚</strong></span> <span class='ocrx_word' id='word_1_164' title='bbox 337 1152 410 1188; x_wconf 88' lang='lat' dir='ltr'><strong>ego</strong></span> <span class='ocrx_word' id='word_1_165' title='bbox 432 1139 497 1177; x_wconf 88' lang='lat' dir='ltr'><strong>illa</strong></span> <span class='ocrx_word' id='word_1_166' title='bbox 519 1142 815 1178; x_wconf 87' lang='lat' dir='ltr'><strong>commemoro?</strong></span> <span class='ocrx_word' id='word_1_167' title='bbox 855 1141 1169 1189; x_wconf 90' lang='lat' dir='ltr'><strong>Comprehensus</strong></span> <span class='ocrx_word' id='word_1_168' title='bbox 1192 1147 1251 1178; x_wconf 91' lang='lat' dir='ltr'><strong>est</strong></span> <span class='ocrx_word' id='word_1_169' title='bbox 1273 1140 1314 1178; x_wconf 92' lang='lat' dir='ltr'><strong>in</strong></span> <span class='ocrx_word' id='word_1_170' title='bbox 1339 1148 1434 1179; x_wconf 91' lang='lat' dir='ltr'><strong>tem-</strong></span> 
     </span>
     <span class='ocr_line' id='line_1_19' title="bbox 46 1183 1429 1254; baseline 0.003 -15"><span class='ocrx_word' id='word_1_171' title='bbox 46 1183 307 1254; x_wconf 55' lang='grc' dir='ltr'><strong>Ξῗῗξῖῗὴοςξῖῗξ</strong></span> <span class='ocrx_word' id='word_1_172' title='bbox 334 1204 401 1252; x_wconf 91' lang='lat' dir='ltr'><strong>plo</strong></span> <span class='ocrx_word' id='word_1_173' title='bbox 431 1203 601 1243; x_wconf 88' lang='lat' dir='ltr'><strong>Castoris</strong></span> <span class='ocrx_word' id='word_1_174' title='bbox 634 1217 764 1242; x_wconf 90' lang='lat' dir='ltr'><strong>servus</strong></span> <span class='ocrx_word' id='word_1_175' title='bbox 798 1205 839 1243; x_wconf 93' lang='lat' dir='ltr'><strong>P.</strong></span> <span class='ocrx_word' id='word_1_176' title='bbox 876 1204 1007 1243; x_wconf 92' lang='lat' dir='ltr'><strong>Clodii</strong></span> <span class='ocrx_word' id='word_1_177' title='bbox 1037 1217 1154 1253; x_wconf 90' lang='lat' dir='ltr'><strong>quem</strong></span> <span class='ocrx_word' id='word_1_178' title='bbox 1182 1204 1245 1242; x_wconf 91' lang='lat' dir='ltr'><strong>ille</strong></span> <span class='ocrx_word' id='word_1_179' title='bbox 1278 1206 1330 1243; x_wconf 87' lang='lat' dir='ltr'><strong>ad</strong></span> <span class='ocrx_word' id='word_1_180' title='bbox 1357 1206 1429 1244; x_wconf 88' lang='lat' dir='ltr'><strong>Cn.</strong></span> 
     </span>
     <span class='ocr_line' id='line_1_20' title="bbox 47 1259 1432 1316; baseline 0.002 -12"><span class='ocrx_word' id='word_1_181' title='bbox 47 1259 93 1286; x_wconf 68' lang='lat'><strong>‘¹¹²</strong></span> <span class='ocrx_word' id='word_1_182' title='bbox 122 1269 191 1292; x_wconf 63' lang='lat' dir='ltr'>‘&#39;ef’&#39;</span> <span class='ocrx_word' id='word_1_183' title='bbox 218 1260 310 1293; x_wconf 58' lang='lat' dir='ltr'>⁵²s⁶1y</span> <span class='ocrx_word' id='word_1_184' title='bbox 338 1267 568 1316; x_wconf 90' lang='lat' dir='ltr'><strong>Pompeium</strong></span> <span class='ocrx_word' id='word_1_185' title='bbox 593 1267 902 1305; x_wconf 90' lang='lat' dir='ltr'><strong>interficiendum</strong></span> <span class='ocrx_word' id='word_1_186' title='bbox 932 1269 1140 1306; x_wconf 88' lang='lat' dir='ltr'><strong>collocarat</strong></span> <span class='ocrx_word' id='word_1_187' title='bbox 1148 1281 1160 1316; x_wconf 80' lang='lat'>3</span> <span class='ocrx_word' id='word_1_188' title='bbox 1194 1275 1344 1307; x_wconf 85' lang='lat' dir='ltr'><strong>extorta</strong></span> <span class='ocrx_word' id='word_1_189' title='bbox 1373 1276 1432 1308; x_wconf 92' lang='lat' dir='ltr'><strong>est</strong></span> 
     </span>
    </p>
   </div>
   <div class='ocr_carea' id='block_1_3' title="bbox 45 1297 308 1324">
    <p class='ocr_par' dir='ltr' id='par_1_3' title="bbox 45 1297 308 1324">
     <span class='ocr_line' id='line_1_21' title="bbox 45 1297 308 1324; baseline 0.004 -1"><span class='ocrx_word' id='word_1_190' title='bbox 45 1297 77 1323; x_wconf 82' lang='lat' dir='ltr'><strong>of</strong></span> <span class='ocrx_word' id='word_1_191' title='bbox 96 1298 142 1323; x_wconf 87' lang='lat' dir='ltr'><strong>the</strong></span> <span class='ocrx_word' id='word_1_192' title='bbox 165 1298 240 1324; x_wconf 75' lang='lat' dir='ltr'><strong>State</strong></span> <span class='ocrx_word' id='word_1_193' title='bbox 260 1299 308 1324; x_wconf 89' lang='lat' dir='ltr'><strong>de-</strong></span> 
     </span>
    </p>
   </div>
   <div class='ocr_carea' id='block_1_4' title="bbox 44 1332 1432 1516">
    <p class='ocr_par' dir='ltr' id='par_1_4' title="bbox 44 1332 1432 1516">
     <span class='ocr_line' id='line_1_22' title="bbox 45 1332 1432 1399; baseline 0.001 -29"><span class='ocrx_word' id='word_1_194' title='bbox 45 1336 308 1399; x_wconf 74' lang='lat' dir='ltr'><strong>penus,dnarr0w1y</strong></span> <span class='ocrx_word' id='word_1_195' title='bbox 335 1333 535 1371; x_wconf 91' lang='lat' dir='ltr'><strong>confitenti</strong></span> <span class='ocrx_word' id='word_1_196' title='bbox 572 1332 651 1370; x_wconf 89' lang='lat' dir='ltr'><strong>sica</strong></span> <span class='ocrx_word' id='word_1_197' title='bbox 687 1333 737 1371; x_wconf 92' lang='lat' dir='ltr'><strong>de</strong></span> <span class='ocrx_word' id='word_1_198' title='bbox 773 1332 974 1371; x_wconf 86' lang='lat' dir='ltr'><strong>manibus:</strong></span> <span class='ocrx_word' id='word_1_199' title='bbox 1017 1333 1138 1371; x_wconf 87' lang='lat' dir='ltr'><strong>caruit</strong></span> <span class='ocrx_word' id='word_1_200' title='bbox 1173 1334 1257 1372; x_wconf 88' lang='lat' dir='ltr'><strong>foro</strong></span> <span class='ocrx_word' id='word_1_201' title='bbox 1293 1341 1432 1383; x_wconf 86' lang='lat' dir='ltr'><strong>postea</strong></span> 
     </span>
     <span class='ocr_line' id='line_1_23' title="bbox 45 1381 1431 1447; baseline 0.001 -11"><span class='ocrx_word' id='word_1_202' title='bbox 45 1381 142 1436; x_wconf 43' lang='lat'><strong>{2⁰35</strong></span> <span class='ocrx_word' id='word_1_203' title='bbox 155 1383 313 1444; x_wconf 48' lang='lat' dir='ltr'><strong>byagisssg’f</strong></span> <span class='ocrx_word' id='word_1_204' title='bbox 337 1397 556 1446; x_wconf 89' lang='lat' dir='ltr'><strong>Pompeius,</strong></span> <span class='ocrx_word' id='word_1_205' title='bbox 584 1397 704 1436; x_wconf 87' lang='lat' dir='ltr'><strong>caruit</strong></span> <span class='ocrx_word' id='word_1_206' title='bbox 727 1405 873 1445; x_wconf 86' lang='lat' dir='ltr'><strong>senatu,</strong></span> <span class='ocrx_word' id='word_1_207' title='bbox 901 1398 1022 1436; x_wconf 91' lang='lat' dir='ltr'><strong>caruit</strong></span> <span class='ocrx_word' id='word_1_208' title='bbox 1044 1397 1202 1447; x_wconf 92' lang='lat' dir='ltr'><strong>publico</strong></span> <span class='ocrx_word' id='word_1_209' title='bbox 1210 1412 1221 1446; x_wconf 79' lang='lat'><em>3</em></span> <span class='ocrx_word' id='word_1_210' title='bbox 1248 1397 1364 1436; x_wconf 82' lang='lat' dir='ltr'><strong>ianua</strong></span> <span class='ocrx_word' id='word_1_211' title='bbox 1390 1412 1431 1437; x_wconf 91' lang='lat' dir='ltr'><strong>se</strong></span> 
     </span>
     <span class='ocr_line' id='line_1_24' title="bbox 44 1448 1428 1516; baseline 0.002 -18"><span class='ocrx_word' id='word_1_212' title='bbox 44 1448 308 1516; x_wconf 45' lang='lat' dir='ltr'><strong>{ifffissffffisstssffiffij</strong></span> <span class='ocrx_word' id='word_1_213' title='bbox 335 1474 382 1498; x_wconf 91' lang='lat' dir='ltr'><strong>ac</strong></span> <span class='ocrx_word' id='word_1_214' title='bbox 399 1460 608 1510; x_wconf 85' lang='lat' dir='ltr'><strong>parietibus</strong></span> <span class='ocrx_word' id='word_1_215' title='bbox 624 1473 706 1498; x_wconf 95' lang='lat' dir='ltr'><strong>non</strong></span> <span class='ocrx_word' id='word_1_216' title='bbox 725 1460 805 1499; x_wconf 93' lang='lat' dir='ltr'><strong>iure</strong></span> <span class='ocrx_word' id='word_1_217' title='bbox 828 1462 956 1511; x_wconf 88' lang='lat' dir='ltr'><strong>legum</strong></span> <span class='ocrx_word' id='word_1_218' title='bbox 979 1460 1287 1511; x_wconf 88' lang='lat' dir='ltr'><strong>iudiciorumque</strong></span> <span class='ocrx_word' id='word_1_219' title='bbox 1310 1462 1428 1502; x_wconf 85' lang='lat' dir='ltr'><strong>texit:</strong></span> 
     </span>
    </p>
   </div>
   <div class='ocr_carea' id='block_1_5' title="bbox 12 1524 1495 2411">
    <p class='ocr_par' dir='ltr' id='par_1_5' title="bbox 12 1524 1495 2150">
     <span class='ocr_line' id='line_1_25' title="bbox 42 1524 1495 1589; baseline 0.004 -29"><span class='ocrx_word' id='word_1_220' title='bbox 42 1525 106 1588; x_wconf 54' lang='grc' dir='ltr'><strong>ἷξῐὲ)</strong></span> <span class='ocrx_word' id='word_1_221' title='bbox 107 1531 232 1588; x_wconf 45' lang='grc' dir='ltr'><strong>τζὲῖέοὲ</strong></span> <span class='ocrx_word' id='word_1_222' title='bbox 233 1526 308 1589; x_wconf 47' lang='lat'><strong>{231</strong></span> <span class='ocrx_word' id='word_1_223' title='bbox 335 1537 426 1562; x_wconf 91' lang='lat' dir='ltr'><strong>num</strong></span> <span class='ocrx_word' id='word_1_224' title='bbox 449 1537 548 1574; x_wconf 86' lang='lat' dir='ltr'><strong>quae</strong></span> <span class='ocrx_word' id='word_1_225' title='bbox 567 1524 716 1574; x_wconf 88' lang='lat' dir='ltr'><strong>rogatio</strong></span> <span class='ocrx_word' id='word_1_226' title='bbox 742 1526 848 1563; x_wconf 84' lang='lat' dir='ltr'><strong>lata?</strong></span> <span class='ocrx_word' id='word_1_227' title='bbox 876 1538 970 1562; x_wconf 90' lang='lat' dir='ltr'><strong>num</strong></span> <span class='ocrx_word' id='word_1_228' title='bbox 997 1538 1097 1574; x_wconf 88' lang='lat' dir='ltr'><strong>quae</strong></span> <span class='ocrx_word' id='word_1_229' title='bbox 1123 1539 1226 1564; x_wconf 87' lang='lat' dir='ltr'><strong>nova</strong></span> <span class='ocrx_word' id='word_1_230' title='bbox 1249 1526 1426 1576; x_wconf 86' lang='lat' dir='ltr'><strong>quaestio</strong></span> <span class='ocrx_word' id='word_1_231' title='bbox 1449 1545 1495 1580; x_wconf 93' lang='lat'><strong>19</strong></span> 
     </span>
     <span class='ocr_line' id='line_1_26' title="bbox 44 1588 1427 1640; baseline 0.002 -14"><span class='ocrx_word' id='word_1_232' title='bbox 44 1600 174 1633; x_wconf 80' lang='lat' dir='ltr'><strong>ordinary</strong></span> <span class='ocrx_word' id='word_1_233' title='bbox 185 1607 271 1629; x_wconf 78' lang='lat' dir='ltr'><strong>court.</strong></span> <span class='ocrx_word' id='word_1_234' title='bbox 333 1590 487 1627; x_wconf 84' lang='lat' dir='ltr'><strong>decreta</strong></span> <span class='ocrx_word' id='word_1_235' title='bbox 510 1591 595 1627; x_wconf 86' lang='lat' dir='ltr'><strong>est?</strong></span> <span class='ocrx_word' id='word_1_236' title='bbox 620 1588 738 1638; x_wconf 89' lang='lat' dir='ltr'><strong>atqui,</strong></span> <span class='ocrx_word' id='word_1_237' title='bbox 764 1588 795 1627; x_wconf 90' lang='lat' dir='ltr'><strong>si</strong></span> <span class='ocrx_word' id='word_1_238' title='bbox 819 1602 890 1636; x_wconf 90' lang='lat' dir='ltr'><strong>res,</strong></span> <span class='ocrx_word' id='word_1_239' title='bbox 921 1588 953 1627; x_wconf 88' lang='lat' dir='ltr'><strong>si</strong></span> <span class='ocrx_word' id='word_1_240' title='bbox 980 1589 1047 1637; x_wconf 92' lang='lat' dir='ltr'><strong>vir,</strong></span> <span class='ocrx_word' id='word_1_241' title='bbox 1077 1589 1109 1628; x_wconf 91' lang='lat' dir='ltr'><strong>si</strong></span> <span class='ocrx_word' id='word_1_242' title='bbox 1131 1597 1284 1640; x_wconf 89' lang='lat' dir='ltr'><strong>tempus</strong></span> <span class='ocrx_word' id='word_1_243' title='bbox 1306 1592 1427 1629; x_wconf 90' lang='lat' dir='ltr'><strong>ullum</strong></span> 
     </span>
     <span class='ocr_line' id='line_1_27' title="bbox 44 1652 1426 1703; baseline 0.001 -11"><span class='ocrx_word' id='word_1_244' title='bbox 44 1652 203 1703; x_wconf 89' lang='lat' dir='ltr'><strong>dignum</strong></span> <span class='ocrx_word' id='word_1_245' title='bbox 231 1654 311 1703; x_wconf 89' lang='lat' dir='ltr'><strong>fuit,</strong></span> <span class='ocrx_word' id='word_1_246' title='bbox 340 1661 443 1692; x_wconf 91' lang='lat' dir='ltr'><strong>certe</strong></span> <span class='ocrx_word' id='word_1_247' title='bbox 468 1655 567 1692; x_wconf 87' lang='lat' dir='ltr'><strong>haec</strong></span> <span class='ocrx_word' id='word_1_248' title='bbox 596 1653 636 1691; x_wconf 92' lang='lat' dir='ltr'><strong>in</strong></span> <span class='ocrx_word' id='word_1_249' title='bbox 666 1654 730 1692; x_wconf 87' lang='lat' dir='ltr'><strong>illa</strong></span> <span class='ocrx_word' id='word_1_250' title='bbox 763 1667 879 1691; x_wconf 87' lang='lat' dir='ltr'><strong>causa</strong></span> <span class='ocrx_word' id='word_1_251' title='bbox 911 1666 1061 1691; x_wconf 87' lang='lat' dir='ltr'><strong>summa</strong></span> <span class='ocrx_word' id='word_1_252' title='bbox 1090 1654 1222 1692; x_wconf 87' lang='lat' dir='ltr'><strong>omnia</strong></span> <span class='ocrx_word' id='word_1_253' title='bbox 1249 1656 1426 1694; x_wconf 87' lang='lat' dir='ltr'><strong>fuerunt:</strong></span> 
     </span>
     <span class='ocr_line' id='line_1_28' title="bbox 45 1715 1429 1768; baseline 0.003 -14"><span class='ocrx_word' id='word_1_254' title='bbox 45 1715 244 1756; x_wconf 86' lang='lat' dir='ltr'><strong>insidiator</strong></span> <span class='ocrx_word' id='word_1_255' title='bbox 261 1725 341 1757; x_wconf 86' lang='lat' dir='ltr'><strong>erat</strong></span> <span class='ocrx_word' id='word_1_256' title='bbox 360 1718 400 1756; x_wconf 90' lang='lat' dir='ltr'><strong>in</strong></span> <span class='ocrx_word' id='word_1_257' title='bbox 418 1720 502 1756; x_wconf 88' lang='lat' dir='ltr'><strong>foro</strong></span> <span class='ocrx_word' id='word_1_258' title='bbox 517 1720 729 1756; x_wconf 88' lang='lat' dir='ltr'><strong>collocatus</strong></span> <span class='ocrx_word' id='word_1_259' title='bbox 744 1725 860 1768; x_wconf 88' lang='lat' dir='ltr'><strong>atque</strong></span> <span class='ocrx_word' id='word_1_260' title='bbox 880 1718 919 1755; x_wconf 92' lang='lat' dir='ltr'><strong>in</strong></span> <span class='ocrx_word' id='word_1_261' title='bbox 934 1718 1126 1757; x_wconf 88' lang='lat' dir='ltr'><strong>vestibulo</strong></span> <span class='ocrx_word' id='word_1_262' title='bbox 1145 1718 1231 1768; x_wconf 90' lang='lat' dir='ltr'><strong>ipso</strong></span> <span class='ocrx_word' id='word_1_263' title='bbox 1252 1727 1429 1768; x_wconf 81' lang='lat' dir='ltr'><strong>senatus3</strong></span> 
     </span>
     <span class='ocr_line' id='line_1_29' title="bbox 45 1779 1428 1831; baseline 0.001 -12"><span class='ocrx_word' id='word_1_264' title='bbox 45 1779 81 1818; x_wconf 89' lang='lat' dir='ltr'><strong>ei</strong></span> <span class='ocrx_word' id='word_1_265' title='bbox 110 1779 192 1819; x_wconf 88' lang='lat' dir='ltr'><strong>viro</strong></span> <span class='ocrx_word' id='word_1_266' title='bbox 224 1789 354 1819; x_wconf 87' lang='lat' dir='ltr'><strong>autem</strong></span> <span class='ocrx_word' id='word_1_267' title='bbox 390 1794 493 1819; x_wconf 89' lang='lat' dir='ltr'><strong>mors</strong></span> <span class='ocrx_word' id='word_1_268' title='bbox 530 1783 736 1831; x_wconf 88' lang='lat' dir='ltr'><strong>parabatur</strong></span> <span class='ocrx_word' id='word_1_269' title='bbox 765 1781 871 1820; x_wconf 90' lang='lat' dir='ltr'><strong>cuius</strong></span> <span class='ocrx_word' id='word_1_270' title='bbox 902 1781 942 1819; x_wconf 93' lang='lat' dir='ltr'><strong>in</strong></span> <span class='ocrx_word' id='word_1_271' title='bbox 979 1782 1058 1820; x_wconf 86' lang='lat' dir='ltr'><strong>vita</strong></span> <span class='ocrx_word' id='word_1_272' title='bbox 1093 1782 1289 1821; x_wconf 86' lang='lat' dir='ltr'><strong>nitebatur</strong></span> <span class='ocrx_word' id='word_1_273' title='bbox 1325 1785 1428 1821; x_wconf 88' lang='lat' dir='ltr'><strong>salus</strong></span> 
     </span>
     <span class='ocr_line' id='line_1_30' title="bbox 44 1842 1428 1894; baseline 0.004 -13"><span class='ocrx_word' id='word_1_274' title='bbox 44 1842 206 1881; x_wconf 84' lang='lat' dir='ltr'><strong>civitatis</strong></span> <span class='ocrx_word' id='word_1_275' title='bbox 213 1858 225 1892; x_wconf 80' lang='lat'>3</span> <span class='ocrx_word' id='word_1_276' title='bbox 253 1857 300 1882; x_wconf 93' lang='lat' dir='ltr'><strong>eo</strong></span> <span class='ocrx_word' id='word_1_277' title='bbox 322 1858 437 1894; x_wconf 87' lang='lat' dir='ltr'><strong>porro</strong></span> <span class='ocrx_word' id='word_1_278' title='bbox 462 1844 517 1883; x_wconf 92' lang='lat' dir='ltr'><strong>rei</strong></span> <span class='ocrx_word' id='word_1_279' title='bbox 544 1844 722 1894; x_wconf 89' lang='lat' dir='ltr'><strong>publicae</strong></span> <span class='ocrx_word' id='word_1_280' title='bbox 742 1852 917 1894; x_wconf 90' lang='lat' dir='ltr'><strong>tempore</strong></span> <span class='ocrx_word' id='word_1_281' title='bbox 944 1858 1033 1894; x_wconf 90' lang='lat' dir='ltr'><strong>quo,</strong></span> <span class='ocrx_word' id='word_1_282' title='bbox 1055 1845 1087 1884; x_wconf 92' lang='lat' dir='ltr'><strong>si</strong></span> <span class='ocrx_word' id='word_1_283' title='bbox 1114 1860 1214 1885; x_wconf 91' lang='lat' dir='ltr'><strong>unus</strong></span> <span class='ocrx_word' id='word_1_284' title='bbox 1240 1847 1303 1886; x_wconf 91' lang='lat' dir='ltr'><strong>ille</strong></span> <span class='ocrx_word' id='word_1_285' title='bbox 1329 1849 1428 1887; x_wconf 90' lang='lat' dir='ltr'><strong>occi-</strong></span> 
     </span>
     <span class='ocr_line' id='line_1_31' title="bbox 45 1906 1428 1959; baseline 0.004 -13"><span class='ocrx_word' id='word_1_286' title='bbox 45 1906 172 1956; x_wconf 90' lang='lat' dir='ltr'><strong>disset,</strong></span> <span class='ocrx_word' id='word_1_287' title='bbox 194 1922 274 1947; x_wconf 92' lang='lat' dir='ltr'><strong>non</strong></span> <span class='ocrx_word' id='word_1_288' title='bbox 292 1910 390 1947; x_wconf 91' lang='lat' dir='ltr'><strong>haec</strong></span> <span class='ocrx_word' id='word_1_289' title='bbox 416 1911 541 1948; x_wconf 90' lang='lat' dir='ltr'><strong>solum</strong></span> <span class='ocrx_word' id='word_1_290' title='bbox 564 1909 697 1948; x_wconf 89' lang='lat' dir='ltr'><strong>civitas</strong></span> <span class='ocrx_word' id='word_1_291' title='bbox 723 1911 793 1948; x_wconf 89' lang='lat' dir='ltr'><strong>sed</strong></span> <span class='ocrx_word' id='word_1_292' title='bbox 817 1917 953 1959; x_wconf 89' lang='lat' dir='ltr'><strong>gentes</strong></span> <span class='ocrx_word' id='word_1_293' title='bbox 979 1924 1115 1950; x_wconf 89' lang='lat' dir='ltr'><strong>omnes</strong></span> <span class='ocrx_word' id='word_1_294' title='bbox 1142 1912 1428 1953; x_wconf 86' lang='lat' dir='ltr'><strong>concidissent:</strong></span> 
     </span>
     <span class='ocr_line' id='line_1_32' title="bbox 43 1971 1426 2026; baseline 0.004 -15"><span class='ocrx_word' id='word_1_295' title='bbox 43 1971 116 2010; x_wconf 89' lang='lat' dir='ltr'><strong>nisi</strong></span> <span class='ocrx_word' id='word_1_296' title='bbox 133 1986 224 2012; x_wconf 90' lang='lat' dir='ltr'><strong>vero</strong></span> <span class='ocrx_word' id='word_1_297' title='bbox 247 1974 338 2024; x_wconf 88' lang='lat' dir='ltr'><strong>quia</strong></span> <span class='ocrx_word' id='word_1_298' title='bbox 359 1976 530 2024; x_wconf 88' lang='lat' dir='ltr'><strong>perfecta</strong></span> <span class='ocrx_word' id='word_1_299' title='bbox 551 1988 611 2013; x_wconf 92' lang='lat' dir='ltr'><strong>res</strong></span> <span class='ocrx_word' id='word_1_300' title='bbox 633 1988 714 2013; x_wconf 88' lang='lat' dir='ltr'><strong>non</strong></span> <span class='ocrx_word' id='word_1_301' title='bbox 734 1982 802 2022; x_wconf 88' lang='lat' dir='ltr'><strong>est,</strong></span> <span class='ocrx_word' id='word_1_302' title='bbox 827 1988 908 2013; x_wconf 91' lang='lat' dir='ltr'><strong>non</strong></span> <span class='ocrx_word' id='word_1_303' title='bbox 926 1975 997 2013; x_wconf 90' lang='lat' dir='ltr'><strong>fuit</strong></span> <span class='ocrx_word' id='word_1_304' title='bbox 1015 1975 1234 2024; x_wconf 83' lang='lat' dir='ltr'><strong>punienda,·</strong></span> <span class='ocrx_word' id='word_1_305' title='bbox 1262 1977 1426 2026; x_wconf 91' lang='lat' dir='ltr'><strong>proinde</strong></span> 
     </span>
     <span class='ocr_line' id='line_1_33' title="bbox 43 2036 1423 2088; baseline 0.003 -14"><span class='ocrx_word' id='word_1_306' title='bbox 43 2036 152 2085; x_wconf 91' lang='lat' dir='ltr'><strong>quasi</strong></span> <span class='ocrx_word' id='word_1_307' title='bbox 171 2036 292 2075; x_wconf 83' lang='lat' dir='ltr'><strong>exitus</strong></span> <span class='ocrx_word' id='word_1_308' title='bbox 312 2051 449 2084; x_wconf 90' lang='lat' dir='ltr'><strong>rerum,</strong></span> <span class='ocrx_word' id='word_1_309' title='bbox 469 2051 550 2076; x_wconf 86' lang='lat' dir='ltr'><strong>non</strong></span> <span class='ocrx_word' id='word_1_310' title='bbox 570 2038 771 2076; x_wconf 90' lang='lat' dir='ltr'><strong>hominum</strong></span> <span class='ocrx_word' id='word_1_311' title='bbox 795 2037 965 2085; x_wconf 89' lang='lat' dir='ltr'><strong>consilia,</strong></span> <span class='ocrx_word' id='word_1_312' title='bbox 990 2038 1138 2088; x_wconf 86' lang='lat' dir='ltr'><strong>legibus</strong></span> <span class='ocrx_word' id='word_1_313' title='bbox 1158 2038 1423 2082; x_wconf 86' lang='lat' dir='ltr'><strong>vindicentur:</strong></span> 
     </span>
     <span class='ocr_line' id='line_1_34' title="bbox 12 2099 1423 2150; baseline 0.005 -13"><span class='ocrx_word' id='word_1_314' title='bbox 12 2139 15 2143; x_wconf 16' lang='lat' dir='ltr'><em>st</em></span> <span class='ocrx_word' id='word_1_315' title='bbox 41 2099 167 2138; x_wconf 87' lang='lat' dir='ltr'><strong>minus</strong></span> <span class='ocrx_word' id='word_1_316' title='bbox 195 2101 409 2138; x_wconf 92' lang='lat' dir='ltr'><strong>dolendum</strong></span> <span class='ocrx_word' id='word_1_317' title='bbox 436 2101 516 2148; x_wconf 90' lang='lat' dir='ltr'><strong>fuit,</strong></span> <span class='ocrx_word' id='word_1_318' title='bbox 547 2115 588 2139; x_wconf 91' lang='lat' dir='ltr'><strong>re</strong></span> <span class='ocrx_word' id='word_1_319' title='bbox 618 2114 699 2139; x_wconf 93' lang='lat' dir='ltr'><strong>non</strong></span> <span class='ocrx_word' id='word_1_320' title='bbox 729 2102 922 2150; x_wconf 81' lang='lat' dir='ltr'><strong>perfecta3</strong></span> <span class='ocrx_word' id='word_1_321' title='bbox 953 2102 1022 2140; x_wconf 91' lang='lat' dir='ltr'><strong>sed</strong></span> <span class='ocrx_word' id='word_1_322' title='bbox 1050 2101 1291 2150; x_wconf 88' lang='lat' dir='ltr'><strong>puniendum</strong></span> <span class='ocrx_word' id='word_1_323' title='bbox 1320 2113 1423 2145; x_wconf 88' lang='lat' dir='ltr'><strong>certe</strong></span> 
     </span>
    </p>

    <p class='ocr_par' dir='ltr' id='par_1_6' title="bbox 39 2164 1490 2411">
     <span class='ocr_line' id='line_1_35' title="bbox 74 2164 1490 2223; baseline 0.006 -23"><span class='ocrx_word' id='word_1_324' title='bbox 74 2195 135 2222; x_wconf 78' lang='lat' dir='ltr'><strong>Nor</strong></span> <span class='ocrx_word' id='word_1_325' title='bbox 153 2197 301 2223; x_wconf 48' lang='lat' dir='ltr'><strong>wathere</strong></span> <span class='ocrx_word' id='word_1_326' title='bbox 326 2164 448 2203; x_wconf 88' lang='lat' dir='ltr'><strong>nihilo</strong></span> <span class='ocrx_word' id='word_1_327' title='bbox 476 2164 612 2204; x_wconf 90' lang='lat' dir='ltr'><strong>minus.</strong></span> <span class='ocrx_word' id='word_1_328' title='bbox 671 2165 861 2213; x_wconf 85' lang='lat' dir='ltr'><strong>Quotiens</strong></span> <span class='ocrx_word' id='word_1_329' title='bbox 887 2178 960 2214; x_wconf 86' lang='lat' dir='ltr'><strong>ego</strong></span> <span class='ocrx_word' id='word_1_330' title='bbox 987 2165 1081 2215; x_wconf 91' lang='lat' dir='ltr'><strong>ipse,</strong></span> <span class='ocrx_word' id='word_1_331' title='bbox 1111 2166 1269 2216; x_wconf 85' lang='lat' dir='ltr'><strong>iudices,</strong></span> <span class='ocrx_word' id='word_1_332' title='bbox 1300 2183 1348 2208; x_wconf 84' lang='lat' dir='ltr'><strong>ex</strong></span> <span class='ocrx_word' id='word_1_333' title='bbox 1377 2173 1418 2211; x_wconf 91' lang='lat' dir='ltr'><strong>P.</strong></span> <span class='ocrx_word' id='word_1_334' title='bbox 1437 2184 1490 2208; x_wconf 81' lang='lat'><strong>20</strong></span> 
     </span>
     <span class='ocr_line' id='line_1_36' title="bbox 39 2228 1420 2284; baseline 0.007 -18"><span class='ocrx_word' id='word_1_335' title='bbox 39 2241 57 2260; x_wconf 74' lang='lat' dir='ltr'><strong>a</strong></span> <span class='ocrx_word' id='word_1_336' title='bbox 79 2234 179 2266; x_wconf 76' lang='lat' dir='ltr'><strong>special</strong></span> <span class='ocrx_word' id='word_1_337' title='bbox 195 2235 304 2268; x_wconf 81' lang='lat' dir='ltr'><strong>inquiry</strong></span> <span class='ocrx_word' id='word_1_338' title='bbox 333 2228 463 2267; x_wconf 93' lang='lat' dir='ltr'><strong>Clodii</strong></span> <span class='ocrx_word' id='word_1_339' title='bbox 481 2229 566 2268; x_wconf 88' lang='lat' dir='ltr'><strong>telis</strong></span> <span class='ocrx_word' id='word_1_340' title='bbox 586 2237 625 2268; x_wconf 91' lang='lat' dir='ltr'><strong>et</strong></span> <span class='ocrx_word' id='word_1_341' title='bbox 643 2243 691 2268; x_wconf 88' lang='lat' dir='ltr'><strong>ex</strong></span> <span class='ocrx_word' id='word_1_342' title='bbox 713 2230 879 2269; x_wconf 87' lang='lat' dir='ltr'><strong>cruentis</strong></span> <span class='ocrx_word' id='word_1_343' title='bbox 903 2231 984 2270; x_wconf 92' lang='lat' dir='ltr'><strong>eius</strong></span> <span class='ocrx_word' id='word_1_344' title='bbox 1009 2232 1188 2271; x_wconf 89' lang='lat' dir='ltr'><strong>manibus</strong></span> <span class='ocrx_word' id='word_1_345' title='bbox 1211 2235 1353 2284; x_wconf 85' lang='lat' dir='ltr'><strong>effugi?</strong></span> <span class='ocrx_word' id='word_1_346' title='bbox 1374 2249 1420 2276; x_wconf 88' lang='lat' dir='ltr'><strong>ex</strong></span> 
     </span>
     <span class='ocr_line' id='line_1_37' title="bbox 40 2271 1422 2346; baseline 0.007 -16"><span class='ocrx_word' id='word_1_347' title='bbox 40 2271 148 2335; x_wconf 46' lang='grc' dir='ltr'><strong>Ῐῖἶζῗᾶς</strong></span> <span class='ocrx_word' id='word_1_348' title='bbox 158 2281 303 2344; x_wconf 48' lang='grc' dir='ltr'><strong>Ξγάἃζὲἒῗ</strong></span> <span class='ocrx_word' id='word_1_349' title='bbox 331 2293 470 2343; x_wconf 88' lang='lat' dir='ltr'><strong>quibus</strong></span> <span class='ocrx_word' id='word_1_350' title='bbox 486 2293 522 2338; x_wconf 85' lang='lat' dir='ltr'><strong>si</strong></span> <span class='ocrx_word' id='word_1_351' title='bbox 540 2307 603 2332; x_wconf 90' lang='lat' dir='ltr'><strong>me</strong></span> <span class='ocrx_word' id='word_1_352' title='bbox 622 2308 703 2333; x_wconf 91' lang='lat' dir='ltr'><strong>non</strong></span> <span class='ocrx_word' id='word_1_353' title='bbox 722 2297 783 2333; x_wconf 94' lang='lat' dir='ltr'><strong>vel</strong></span> <span class='ocrx_word' id='word_1_354' title='bbox 803 2309 890 2334; x_wconf 86' lang='lat' dir='ltr'><strong>mea</strong></span> <span class='ocrx_word' id='word_1_355' title='bbox 911 2297 973 2334; x_wconf 91' lang='lat' dir='ltr'><strong>vel</strong></span> <span class='ocrx_word' id='word_1_356' title='bbox 996 2296 1050 2335; x_wconf 90' lang='lat' dir='ltr'><strong>rei</strong></span> <span class='ocrx_word' id='word_1_357' title='bbox 1069 2297 1249 2346; x_wconf 90' lang='lat' dir='ltr'><strong>publicae</strong></span> <span class='ocrx_word' id='word_1_358' title='bbox 1267 2299 1422 2339; x_wconf 82' lang='lat' dir='ltr'><strong>fortuna</strong></span> 
     </span>
     <span class='ocr_line' id='line_1_38' title="bbox 41 2346 1421 2411; baseline 0.004 -16"><span class='ocrx_word' id='word_1_359' title='bbox 41 2346 111 2373; x_wconf 58' lang='lat'>“⁰¹¹¹</span> <span class='ocrx_word' id='word_1_360' title='bbox 123 2347 243 2376; x_wconf 50' lang='lat' dir='ltr'><strong>0⁰⁶³ss</strong></span> <span class='ocrx_word' id='word_1_361' title='bbox 328 2366 525 2406; x_wconf 87' lang='lat' dir='ltr'><strong>servasset,</strong></span> <span class='ocrx_word' id='word_1_362' title='bbox 540 2357 624 2408; x_wconf 90' lang='lat' dir='ltr'><strong>quis</strong></span> <span class='ocrx_word' id='word_1_363' title='bbox 639 2361 799 2398; x_wconf 86' lang='lat' dir='ltr'><strong>tandem</strong></span> <span class='ocrx_word' id='word_1_364' title='bbox 814 2361 863 2398; x_wconf 92' lang='lat' dir='ltr'><strong>de</strong></span> <span class='ocrx_word' id='word_1_365' title='bbox 878 2359 1033 2399; x_wconf 88' lang='lat' dir='ltr'><strong>interitu</strong></span> <span class='ocrx_word' id='word_1_366' title='bbox 1047 2374 1137 2401; x_wconf 90' lang='lat' dir='ltr'><strong>meo</strong></span> <span class='ocrx_word' id='word_1_367' title='bbox 1153 2361 1421 2411; x_wconf 87' lang='lat' dir='ltr'><strong>quaestionem</strong></span> 
     </span>
    </p>
   </div>
   <div class='ocr_carea' id='block_1_6' title="bbox 0 2410 1421 2475">
    <p class='ocr_par' dir='ltr' id='par_1_7' title="bbox 0 2410 1421 2475">
     <span class='ocr_line' id='line_1_39' title="bbox 0 2410 1421 2475; baseline 0.008 -21"><span class='ocrx_word' id='word_1_368' title='bbox 0 2410 24 2454; x_wconf 84' lang='grc'><strong>8</strong></span> <span class='ocrx_word' id='word_1_369' title='bbox 43 2417 217 2458; x_wconf 86' lang='lat' dir='ltr'><strong>tulisset?</strong></span> <span class='ocrx_word' id='word_1_370' title='bbox 257 2420 332 2459; x_wconf 87' lang='lat' dir='ltr'><strong>Sed</strong></span> <span class='ocrx_word' id='word_1_371' title='bbox 358 2420 462 2460; x_wconf 89' lang='lat' dir='ltr'><strong>stulti</strong></span> <span class='ocrx_word' id='word_1_372' title='bbox 491 2435 632 2470; x_wconf 90' lang='lat' dir='ltr'><strong>sumus,</strong></span> <span class='ocrx_word' id='word_1_373' title='bbox 658 2422 723 2472; x_wconf 89' lang='lat' dir='ltr'><strong>qui</strong></span> <span class='ocrx_word' id='word_1_374' title='bbox 751 2425 932 2472; x_wconf 92' lang='lat' dir='ltr'><strong>Drusum,</strong></span> <span class='ocrx_word' id='word_1_375' title='bbox 963 2424 1028 2475; x_wconf 93' lang='lat' dir='ltr'><strong>qui</strong></span> <span class='ocrx_word' id='word_1_376' title='bbox 1053 2425 1278 2465; x_wconf 81' lang='lat' dir='ltr'><strong>Africanum</strong></span> <span class='ocrx_word' id='word_1_377' title='bbox 1307 2428 1421 2466; x_wconf 89' lang='lat' dir='ltr'><strong>Pom-</strong></span> 
     </span>
    </p>
   </div>
   <div class='ocr_carea' id='block_1_7' title="bbox 0 0 29 998">
    <p class='ocr_par' dir='ltr' id='par_1_8' title="bbox 0 0 29 998">
     <span class='ocr_line' id='line_1_40' title="bbox 0 0 29 998; baseline 0 0"><span class='ocrx_word' id='word_1_378' title='bbox 0 0 29 998; x_wconf 95' lang='lat' dir='ltr'><strong> </strong></span> 
     </span>
    </p>
   </div>
  </div>
 </body>
</html>
