<?xml version="1.0" encoding="UTF-8"?>
<!DOCTYPE html PUBLIC "-//W3C//DTD XHTML 1.0 Transitional//EN"
    "http://www.w3.org/TR/xhtml1/DTD/xhtml1-transitional.dtd">
<html xmlns="http://www.w3.org/1999/xhtml" xml:lang="en" lang="en">
 <head>
  <title>
</title>
<meta http-equiv="Content-Type" content="text/html;charset=utf-8" />
  <meta name='ocr-system' content='tesseract 3.04.00' />
  <meta name='ocr-capabilities' content='ocr_page ocr_carea ocr_par ocr_line ocrx_word'/>
</head>
<body>
  <div class='ocr_page' id='page_1' title='image "./oratioprotitoann00ciceuoft_0049.png"; bbox 0 0 1540 2488; ppageno 0'>
   <div class='ocr_carea' id='block_1_1' title="bbox 480 44 1438 93">
    <p class='ocr_par' dir='ltr' id='par_1_1' title="bbox 480 44 1438 93">
     <span class='ocr_line' id='line_1_1' title="bbox 480 44 1438 93; baseline -0.002 -11"><span class='ocrx_word' id='word_1_1' title='bbox 480 45 564 83; x_wconf 80' lang='lat' dir='ltr'><strong>Pm</strong></span> <span class='ocrx_word' id='word_1_2' title='bbox 592 44 636 84; x_wconf 76' lang='lat'><strong>11</strong></span> <span class='ocrx_word' id='word_1_3' title='bbox 665 44 798 83; x_wconf 81' lang='lat' dir='ltr'><strong>Annio</strong></span> <span class='ocrx_word' id='word_1_4' title='bbox 821 45 980 84; x_wconf 82' lang='lat' dir='ltr'><em>Milone.</em></span> <span class='ocrx_word' id='word_1_5' title='bbox 1390 56 1438 93; x_wconf 80' lang='lat'><strong>²3</strong></span> 
     </span>
    </p>
   </div>
   <div class='ocr_carea' id='block_1_2' title="bbox 8 115 1512 565">
    <p class='ocr_par' dir='ltr' id='par_1_2' title="bbox 24 115 1446 174">
     <span class='ocr_line' id='line_1_2' title="bbox 24 115 1446 174; baseline 0.001 -14"><span class='ocrx_word' id='word_1_6' title='bbox 24 115 43 160; x_wconf 55' lang='grc' dir='ltr'><strong>ἶ..</strong></span> <span class='ocrx_word' id='word_1_7' title='bbox 57 125 231 174; x_wconf 71' lang='lat' dir='ltr'><strong>fuerunt5</strong></span> <span class='ocrx_word' id='word_1_8' title='bbox 256 136 358 174; x_wconf 87' lang='lat' dir='ltr'><strong>quae</strong></span> <span class='ocrx_word' id='word_1_9' title='bbox 382 129 487 162; x_wconf 87' lang='lat' dir='ltr'><strong>certe</strong></span> <span class='ocrx_word' id='word_1_10' title='bbox 504 136 597 162; x_wconf 88' lang='lat' dir='ltr'><strong>vera</strong></span> <span class='ocrx_word' id='word_1_11' title='bbox 620 123 847 172; x_wconf 83' lang='lat' dir='ltr'><strong>extitissent,</strong></span> <span class='ocrx_word' id='word_1_12' title='bbox 871 123 906 163; x_wconf 88' lang='lat' dir='ltr'><strong>si</strong></span> <span class='ocrx_word' id='word_1_13' title='bbox 930 123 1032 163; x_wconf 90' lang='lat' dir='ltr'><strong>Milo</strong></span> <span class='ocrx_word' id='word_1_14' title='bbox 1058 121 1280 162; x_wconf 83' lang='lat' dir='ltr'><strong>admisisset</strong></span> <span class='ocrx_word' id='word_1_15' title='bbox 1296 122 1446 174; x_wconf 89' lang='lat' dir='ltr'><strong>aliquid</strong></span> 
     </span>
    </p>

    <p class='ocr_par' dir='ltr' id='par_1_3' title="bbox 12 187 1029 240">
     <span class='ocr_line' id='line_1_3' title="bbox 12 187 1029 240; baseline 0 -13"><span class='ocrx_word' id='word_1_16' title='bbox 12 191 16 238; x_wconf 63' lang='grc' dir='ltr'>ξ</span> <span class='ocrx_word' id='word_1_17' title='bbox 58 188 167 240; x_wconf 90' lang='lat' dir='ltr'><strong>quod</strong></span> <span class='ocrx_word' id='word_1_18' title='bbox 184 200 267 227; x_wconf 90' lang='lat' dir='ltr'><strong>non</strong></span> <span class='ocrx_word' id='word_1_19' title='bbox 284 194 419 238; x_wconf 88' lang='lat' dir='ltr'><strong>posset</strong></span> <span class='ocrx_word' id='word_1_20' title='bbox 435 187 602 226; x_wconf 87' lang='lat' dir='ltr'><strong>honeste</strong></span> <span class='ocrx_word' id='word_1_21' title='bbox 619 201 789 238; x_wconf 89' lang='lat' dir='ltr'><strong>vereque</strong></span> <span class='ocrx_word' id='word_1_22' title='bbox 807 188 1029 227; x_wconf 83' lang='lat' dir='ltr'><strong>defendere.</strong></span> 
     </span>
    </p>

    <p class='ocr_par' dir='ltr' id='par_1_4' title="bbox 13 249 1512 364">
     <span class='ocr_line' id='line_1_4' title="bbox 21 249 1512 308; baseline 0.001 -19"><span class='ocrx_word' id='word_1_23' title='bbox 21 301 25 308; x_wconf 34' lang='grc' dir='ltr'><strong><em>ι</em></strong></span> <span class='ocrx_word' id='word_1_24' title='bbox 118 275 264 303; x_wconf 65' lang='lat' dir='ltr'><strong>sevenu:</strong></span> <span class='ocrx_word' id='word_1_25' title='bbox 430 249 536 298; x_wconf 88' lang='lat' dir='ltr'><strong>Quid</strong></span> <span class='ocrx_word' id='word_1_26' title='bbox 548 251 567 289; x_wconf 83' lang='lat'><strong>?</strong></span> <span class='ocrx_word' id='word_1_27' title='bbox 589 264 690 301; x_wconf 90' lang='lat' dir='ltr'><strong>quae</strong></span> <span class='ocrx_word' id='word_1_28' title='bbox 708 258 847 301; x_wconf 90' lang='lat' dir='ltr'><strong>postea</strong></span> <span class='ocrx_word' id='word_1_29' title='bbox 866 258 957 290; x_wconf 88' lang='lat' dir='ltr'><strong>sunt</strong></span> <span class='ocrx_word' id='word_1_30' title='bbox 968 250 1009 289; x_wconf 93' lang='lat' dir='ltr'><strong>in</strong></span> <span class='ocrx_word' id='word_1_31' title='bbox 1028 264 1119 290; x_wconf 86' lang='lat' dir='ltr'><strong>eum</strong></span> <span class='ocrx_word' id='word_1_32' title='bbox 1132 257 1329 301; x_wconf 85' lang='lat' dir='ltr'><strong>congesta,</strong></span> <span class='ocrx_word' id='word_1_33' title='bbox 1343 263 1443 301; x_wconf 91' lang='lat' dir='ltr'><strong>quae</strong></span> <span class='ocrx_word' id='word_1_34' title='bbox 1462 260 1512 306; x_wconf 89' lang='lat'><strong>64</strong></span> 
     </span>
     <span class='ocr_line' id='line_1_5' title="bbox 30 313 1444 364; baseline -0.001 -9.024"><span class='ocrx_word' id='word_1_35' title='bbox 30 354 38 359; x_wconf 80' lang='grc'>,</span> <span class='ocrx_word' id='word_1_36' title='bbox 87 318 284 355; x_wconf 71' lang='lat' dir='ltr'><strong>Argument.</strong></span> <span class='ocrx_word' id='word_1_37' title='bbox 351 313 526 364; x_wconf 85' lang='lat' dir='ltr'><strong>quemvis</strong></span> <span class='ocrx_word' id='word_1_38' title='bbox 545 313 661 353; x_wconf 87' lang='lat' dir='ltr'><strong>etiam</strong></span> <span class='ocrx_word' id='word_1_39' title='bbox 679 314 934 353; x_wconf 88' lang='lat' dir='ltr'><strong>mediocrium</strong></span> <span class='ocrx_word' id='word_1_40' title='bbox 954 314 1185 353; x_wconf 86' lang='lat' dir='ltr'><strong>delictorum</strong></span> <span class='ocrx_word' id='word_1_41' title='bbox 1203 313 1444 353; x_wconf 83' lang='lat' dir='ltr'><strong>conscientia</strong></span> 
     </span>
    </p>

    <p class='ocr_par' dir='ltr' id='par_1_5' title="bbox 18 364 1445 428">
     <span class='ocr_line' id='line_1_6' title="bbox 18 364 1445 428; baseline 0.002 -13"><span class='ocrx_word' id='word_1_42' title='bbox 18 364 41 414; x_wconf 46' lang='grc' dir='ltr'><strong>’ἦ</strong></span> <span class='ocrx_word' id='word_1_43' title='bbox 97 375 291 425; x_wconf 52' lang='lat'><strong>0²²⁴-265,</strong></span> <span class='ocrx_word' id='word_1_44' title='bbox 348 378 614 428; x_wconf 68' lang='lat' dir='ltr'><strong>peremissent,</strong></span> <span class='ocrx_word' id='word_1_45' title='bbox 650 385 695 416; x_wconf 89' lang='lat' dir='ltr'><strong>ut</strong></span> <span class='ocrx_word' id='word_1_46' title='bbox 736 378 918 417; x_wconf 85' lang='lat' dir='ltr'><strong>sustinuit</strong></span> <span class='ocrx_word' id='word_1_47' title='bbox 928 378 1035 418; x_wconf 81' lang='lat' dir='ltr'><strong>l—di</strong></span> <span class='ocrx_word' id='word_1_48' title='bbox 1069 378 1326 418; x_wconf 81' lang='lat' dir='ltr'><strong>immortales!</strong></span> <span class='ocrx_word' id='word_1_49' title='bbox 1363 391 1445 417; x_wconf 87' lang='lat' dir='ltr'><strong>sus-</strong></span> 
     </span>
    </p>

    <p class='ocr_par' dir='ltr' id='par_1_6' title="bbox 8 418 1444 565">
     <span class='ocr_line' id='line_1_7' title="bbox 8 418 1444 494; baseline -0.001 -10"><span class='ocrx_word' id='word_1_50' title='bbox 8 431 36 493; x_wconf 51' lang='lat' dir='ltr'><strong>J}</strong></span> <span class='ocrx_word' id='word_1_51' title='bbox 54 418 329 490; x_wconf 42' lang='lat' dir='ltr'><strong>affinga}</strong></span> <span class='ocrx_word' id='word_1_52' title='bbox 354 441 496 481; x_wconf 85' lang='lat' dir='ltr'><strong>tinuit?</strong></span> <span class='ocrx_word' id='word_1_53' title='bbox 531 442 653 481; x_wconf 91' lang='lat' dir='ltr'><strong>immo</strong></span> <span class='ocrx_word' id='word_1_54' title='bbox 680 455 774 481; x_wconf 88' lang='lat' dir='ltr'><strong>vero</strong></span> <span class='ocrx_word' id='word_1_55' title='bbox 802 450 847 481; x_wconf 93' lang='lat' dir='ltr'><strong>ut</strong></span> <span class='ocrx_word' id='word_1_56' title='bbox 871 442 1109 494; x_wconf 89' lang='lat' dir='ltr'><strong>contempsit</strong></span> <span class='ocrx_word' id='word_1_57' title='bbox 1133 456 1182 482; x_wconf 89' lang='lat' dir='ltr'><strong>ac</strong></span> <span class='ocrx_word' id='word_1_58' title='bbox 1213 456 1284 494; x_wconf 90' lang='lat' dir='ltr'><strong>pro</strong></span> <span class='ocrx_word' id='word_1_59' title='bbox 1319 443 1444 483; x_wconf 87' lang='lat' dir='ltr'><strong>nihilo</strong></span> 
     </span>
     <span class='ocr_line' id='line_1_8' title="bbox 13 502 1442 565; baseline 0.002 -22"><span class='ocrx_word' id='word_1_60' title='bbox 13 502 326 565; x_wconf 48' lang='lat' dir='ltr'><strong>{mmm</strong></span> <span class='ocrx_word' id='word_1_61' title='bbox 350 504 667 555; x_wconf 40' lang='lat' dir='ltr'><strong>putavit—quae</strong></span> <span class='ocrx_word' id='word_1_62' title='bbox 711 519 841 556; x_wconf 88' lang='lat' dir='ltr'><strong>neque</strong></span> <span class='ocrx_word' id='word_1_63' title='bbox 885 507 1057 546; x_wconf 81' lang='lat' dir='ltr'><strong>maximo</strong></span> <span class='ocrx_word' id='word_1_64' title='bbox 1101 507 1236 546; x_wconf 89' lang='lat' dir='ltr'><strong>animo</strong></span> <span class='ocrx_word' id='word_1_65' title='bbox 1280 520 1442 557; x_wconf 87' lang='lat' dir='ltr'><strong>nocens,</strong></span> 
     </span>
    </p>
   </div>
   <div class='ocr_carea' id='block_1_3' title="bbox 0 0 48 934">
    <p class='ocr_par' dir='ltr' id='par_1_7' title="bbox 0 0 48 934">
     <span class='ocr_line' id='line_1_9' title="bbox 0 0 48 266; baseline 0 0"><span class='ocrx_word' id='word_1_66' title='bbox 0 0 48 266; x_wconf 95' lang='lat' dir='ltr'><strong>  </strong></span> 
     </span>
     <span class='ocr_line' id='line_1_10' title="bbox 0 266 48 523; baseline 0 0"><span class='ocrx_word' id='word_1_67' title='bbox 0 266 48 523; x_wconf 95' lang='lat' dir='ltr'><strong>  </strong></span> 
     </span>
     <span class='ocr_line' id='line_1_11' title="bbox 0 523 26 675; baseline 0 -71"><span class='ocrx_word' id='word_1_68' title='bbox 0 523 26 675; x_wconf 95' lang='lat' dir='ltr'><strong>   </strong></span> 
     </span>
     <span class='ocr_line' id='line_1_12' title="bbox 0 675 48 934; baseline 0 0"><span class='ocrx_word' id='word_1_69' title='bbox 0 675 48 934; x_wconf 95' lang='lat' dir='ltr'><strong>  </strong></span> 
     </span>
    </p>
   </div>
   <div class='ocr_carea' id='block_1_4' title="bbox 0 569 1507 2478">
    <p class='ocr_par' dir='ltr' id='par_1_8' title="bbox 0 569 1507 2091">
     <span class='ocr_line' id='line_1_13' title="bbox 14 569 1445 634; baseline 0.003 -28"><span class='ocrx_word' id='word_1_70' title='bbox 14 570 43 619; x_wconf 62' lang='grc' dir='ltr'><strong>ξ·</strong></span> <span class='ocrx_word' id='word_1_71' title='bbox 54 570 262 634; x_wconf 54' lang='lat' dir='ltr'>fflffz‘s</span> <span class='ocrx_word' id='word_1_72' title='bbox 278 576 322 634; x_wconf 45' lang='grc' dir='ltr'><strong>ιζ’</strong></span> <span class='ocrx_word' id='word_1_73' title='bbox 348 582 478 619; x_wconf 89' lang='lat' dir='ltr'><strong>neque</strong></span> <span class='ocrx_word' id='word_1_74' title='bbox 494 569 685 609; x_wconf 88' lang='lat' dir='ltr'><strong>innocens</strong></span> <span class='ocrx_word' id='word_1_75' title='bbox 702 570 778 609; x_wconf 85' lang='lat' dir='ltr'><strong>nisi</strong></span> <span class='ocrx_word' id='word_1_76' title='bbox 803 571 1035 610; x_wconf 84' lang='lat' dir='ltr'><strong>fortissimus</strong></span> <span class='ocrx_word' id='word_1_77' title='bbox 1061 570 1119 610; x_wconf 86' lang='lat' dir='ltr'><strong>vir</strong></span> <span class='ocrx_word' id='word_1_78' title='bbox 1143 573 1350 622; x_wconf 88' lang='lat' dir='ltr'><strong>neglegere</strong></span> <span class='ocrx_word' id='word_1_79' title='bbox 1375 585 1445 622; x_wconf 90' lang='lat' dir='ltr'><strong>po-</strong></span> 
     </span>
     <span class='ocr_line' id='line_1_14' title="bbox 6 620 1444 706; baseline 0.002 -34"><span class='ocrx_word' id='word_1_80' title='bbox 6 620 42 706; x_wconf 62' lang='grc' dir='ltr'><em>Ξ</em></span> <span class='ocrx_word' id='word_1_81' title='bbox 55 644 159 689; x_wconf 61' lang='lat' dir='ltr'><strong>hainou</strong></span> <span class='ocrx_word' id='word_1_82' title='bbox 176 646 234 672; x_wconf 78' lang='lat' dir='ltr'><strong>and</strong></span> <span class='ocrx_word' id='word_1_83' title='bbox 256 654 323 673; x_wconf 68' lang='grc' dir='ltr'><strong>σου·</strong></span> <span class='ocrx_word' id='word_1_84' title='bbox 350 633 495 672; x_wconf 88' lang='lat' dir='ltr'><strong>tuisset.</strong></span> <span class='ocrx_word' id='word_1_85' title='bbox 562 635 779 681; x_wconf 89' lang='lat' dir='ltr'><strong>Scutorum‚</strong></span> <span class='ocrx_word' id='word_1_86' title='bbox 824 635 1053 685; x_wconf 88' lang='lat' dir='ltr'><strong>gladiorum,</strong></span> <span class='ocrx_word' id='word_1_87' title='bbox 1101 636 1310 684; x_wconf 88' lang='lat' dir='ltr'><strong>frenorum,</strong></span> <span class='ocrx_word' id='word_1_88' title='bbox 1347 636 1444 686; x_wconf 91' lang='lat' dir='ltr'><strong>pilo-</strong></span> 
     </span>
     <span class='ocr_line' id='line_1_15' title="bbox 16 690 1445 749; baseline 0.002 -14"><span class='ocrx_word' id='word_1_89' title='bbox 16 690 174 735; x_wconf 43' lang='grc' dir='ltr'><strong>ἔξω·</strong></span> <span class='ocrx_word' id='word_1_90' title='bbox 349 710 513 748; x_wconf 90' lang='lat' dir='ltr'><strong>rumque</strong></span> <span class='ocrx_word' id='word_1_91' title='bbox 546 698 664 737; x_wconf 85' lang='lat' dir='ltr'><strong>etiam</strong></span> <span class='ocrx_word' id='word_1_92' title='bbox 692 698 900 738; x_wconf 84' lang='lat' dir='ltr'><strong>multitudo</strong></span> <span class='ocrx_word' id='word_1_93' title='bbox 930 699 1170 749; x_wconf 87' lang='lat' dir='ltr'><strong>deprehendi</strong></span> <span class='ocrx_word' id='word_1_94' title='bbox 1198 712 1315 749; x_wconf 89' lang='lat' dir='ltr'><strong>posse</strong></span> <span class='ocrx_word' id='word_1_95' title='bbox 1346 699 1445 739; x_wconf 87' lang='lat' dir='ltr'><strong>indi-</strong></span> 
     </span>
     <span class='ocr_line' id='line_1_16' title="bbox 56 761 1442 814; baseline 0.001 -11.967"><span class='ocrx_word' id='word_1_96' title='bbox 56 761 226 800; x_wconf 87' lang='lat' dir='ltr'><strong>cabatur.</strong></span> <span class='ocrx_word' id='word_1_97' title='bbox 297 762 459 800; x_wconf 87' lang='lat' dir='ltr'><strong>Nullum</strong></span> <span class='ocrx_word' id='word_1_98' title='bbox 500 762 543 801; x_wconf 89' lang='lat' dir='ltr'><strong>in</strong></span> <span class='ocrx_word' id='word_1_99' title='bbox 577 764 673 802; x_wconf 92' lang='lat' dir='ltr'><strong>urbe</strong></span> <span class='ocrx_word' id='word_1_100' title='bbox 710 762 851 810; x_wconf 90' lang='lat' dir='ltr'><strong>vicum,</strong></span> <span class='ocrx_word' id='word_1_101' title='bbox 888 764 1038 801; x_wconf 88' lang='lat' dir='ltr'><strong>nullum</strong></span> <span class='ocrx_word' id='word_1_102' title='bbox 1074 763 1320 814; x_wconf 86' lang='lat' dir='ltr'><strong>angiportum</strong></span> <span class='ocrx_word' id='word_1_103' title='bbox 1356 777 1442 803; x_wconf 88' lang='lat' dir='ltr'><strong>esse</strong></span> 
     </span>
     <span class='ocr_line' id='line_1_17' title="bbox 8 822 1440 876; baseline 0.003 -12.997"><span class='ocrx_word' id='word_1_104' title='bbox 8 850 33 870; x_wconf 43' lang='lat'><em>2</em></span> <span class='ocrx_word' id='word_1_105' title='bbox 56 822 253 869; x_wconf 83' lang='lat' dir='ltr'><strong>dicebant,</strong></span> <span class='ocrx_word' id='word_1_106' title='bbox 285 824 326 864; x_wconf 92' lang='lat' dir='ltr'><strong>in</strong></span> <span class='ocrx_word' id='word_1_107' title='bbox 358 838 437 876; x_wconf 92' lang='lat' dir='ltr'><strong>quo</strong></span> <span class='ocrx_word' id='word_1_108' title='bbox 467 839 550 865; x_wconf 89' lang='lat' dir='ltr'><strong>non</strong></span> <span class='ocrx_word' id='word_1_109' title='bbox 575 826 718 865; x_wconf 88' lang='lat' dir='ltr'><strong>Miloni</strong></span> <span class='ocrx_word' id='word_1_110' title='bbox 743 828 940 865; x_wconf 89' lang='lat' dir='ltr'><strong>conducta</strong></span> <span class='ocrx_word' id='word_1_111' title='bbox 958 834 1061 866; x_wconf 90' lang='lat' dir='ltr'><strong>esset</strong></span> <span class='ocrx_word' id='word_1_112' title='bbox 1087 822 1248 875; x_wconf 85' lang='lat' dir='ltr'><strong>domus;</strong></span> <span class='ocrx_word' id='word_1_113' title='bbox 1275 841 1383 866; x_wconf 89' lang='lat' dir='ltr'><strong>arma</strong></span> <span class='ocrx_word' id='word_1_114' title='bbox 1400 828 1440 867; x_wconf 92' lang='lat' dir='ltr'><strong>in</strong></span> 
     </span>
     <span class='ocr_line' id='line_1_18' title="bbox 7 875 1440 942; baseline 0.003 -14.976"><span class='ocrx_word' id='word_1_115' title='bbox 0 875 38 941; x_wconf 35' lang='grc' dir='ltr'><strong>μ,</strong></span> <span class='ocrx_word' id='word_1_116' title='bbox 54 887 187 927; x_wconf 83' lang='lat' dir='ltr'><strong>villam</strong></span> <span class='ocrx_word' id='word_1_117' title='bbox 206 889 481 929; x_wconf 82' lang='lat' dir='ltr'><strong>Ocriculanam</strong></span> <span class='ocrx_word' id='word_1_118' title='bbox 506 891 670 930; x_wconf 89' lang='lat' dir='ltr'><strong>devecta</strong></span> <span class='ocrx_word' id='word_1_119' title='bbox 687 891 821 930; x_wconf 83' lang='lat' dir='ltr'><strong>Tiberi</strong></span> <span class='ocrx_word' id='word_1_120' title='bbox 828 907 839 941; x_wconf 90' lang='lat'>;</span> <span class='ocrx_word' id='word_1_121' title='bbox 868 892 1008 931; x_wconf 90' lang='lat' dir='ltr'><strong>domus</strong></span> <span class='ocrx_word' id='word_1_122' title='bbox 1032 891 1075 930; x_wconf 90' lang='lat' dir='ltr'><strong>in</strong></span> <span class='ocrx_word' id='word_1_123' title='bbox 1094 892 1195 931; x_wconf 84' lang='lat' dir='ltr'><strong>clivo</strong></span> <span class='ocrx_word' id='word_1_124' title='bbox 1215 892 1440 942; x_wconf 87' lang='lat' dir='ltr'><strong>Capitolino</strong></span> 
     </span>
     <span class='ocr_line' id='line_1_19' title="bbox 0 945 1441 1011; baseline 0.001 -17"><span class='ocrx_word' id='word_1_125' title='bbox 0 945 17 1011; x_wconf 42' lang='lat' dir='ltr'><strong>{f-</strong></span> <span class='ocrx_word' id='word_1_126' title='bbox 38 951 174 992; x_wconf 77' lang='lat' dir='ltr'><strong>²scutis</strong></span> <span class='ocrx_word' id='word_1_127' title='bbox 210 954 349 992; x_wconf 88' lang='lat' dir='ltr'><strong>referta</strong></span> <span class='ocrx_word' id='word_1_128' title='bbox 355 969 367 1003; x_wconf 89' lang='lat'>;</span> <span class='ocrx_word' id='word_1_129' title='bbox 404 955 522 1004; x_wconf 91' lang='lat' dir='ltr'><strong>plena</strong></span> <span class='ocrx_word' id='word_1_130' title='bbox 557 954 690 993; x_wconf 87' lang='lat' dir='ltr'><strong>omnia</strong></span> <span class='ocrx_word' id='word_1_131' title='bbox 724 956 994 994; x_wconf 87' lang='lat' dir='ltr'><strong>malleolorum</strong></span> <span class='ocrx_word' id='word_1_132' title='bbox 1031 957 1084 995; x_wconf 88' lang='lat' dir='ltr'><strong>ad</strong></span> <span class='ocrx_word' id='word_1_133' title='bbox 1119 955 1225 995; x_wconf 89' lang='lat' dir='ltr'><strong>urbis</strong></span> <span class='ocrx_word' id='word_1_134' title='bbox 1258 955 1441 996; x_wconf 85' lang='lat' dir='ltr'><strong>incendia</strong></span> 
     </span>
     <span class='ocr_line' id='line_1_20' title="bbox 0 985 1441 1069; baseline 0.003 -15"><span class='ocrx_word' id='word_1_135' title='bbox 0 985 41 1054; x_wconf 59' lang='grc' dir='ltr'>ἒ</span> <span class='ocrx_word' id='word_1_136' title='bbox 56 1023 387 1066; x_wconf 84' lang='lat' dir='ltr'><strong>comparatorum:</strong></span> <span class='ocrx_word' id='word_1_137' title='bbox 413 1018 513 1056; x_wconf 89' lang='lat' dir='ltr'><strong>haec</strong></span> <span class='ocrx_word' id='word_1_138' title='bbox 530 1030 613 1056; x_wconf 89' lang='lat' dir='ltr'><strong>non</strong></span> <span class='ocrx_word' id='word_1_139' title='bbox 632 1018 762 1056; x_wconf 88' lang='lat' dir='ltr'><strong>delata</strong></span> <span class='ocrx_word' id='word_1_140' title='bbox 780 1020 918 1066; x_wconf 90' lang='lat' dir='ltr'><strong>solum,</strong></span> <span class='ocrx_word' id='word_1_141' title='bbox 939 1020 1011 1058; x_wconf 85' lang='lat' dir='ltr'><strong>sed</strong></span> <span class='ocrx_word' id='word_1_142' title='bbox 1028 1032 1155 1069; x_wconf 89' lang='lat' dir='ltr'><strong>paene</strong></span> <span class='ocrx_word' id='word_1_143' title='bbox 1173 1019 1339 1069; x_wconf 79' lang='lat' dir='ltr'><strong>credita3</strong></span> <span class='ocrx_word' id='word_1_144' title='bbox 1365 1032 1441 1058; x_wconf 90' lang='lat' dir='ltr'><strong>nec</strong></span> 
     </span>
     <span class='ocr_line' id='line_1_21' title="bbox 15 1062 1507 1138; baseline 0.001 -20"><span class='ocrx_word' id='word_1_145' title='bbox 15 1062 42 1133; x_wconf 49' lang='grc' dir='ltr'><strong>ζ</strong></span> <span class='ocrx_word' id='word_1_146' title='bbox 87 1092 278 1126; x_wconf 69' lang='lat' dir='ltr'><strong>Theposition</strong></span> <span class='ocrx_word' id='word_1_147' title='bbox 294 1094 328 1120; x_wconf 83' lang='lat' dir='ltr'><strong>or</strong></span> <span class='ocrx_word' id='word_1_148' title='bbox 349 1086 440 1118; x_wconf 88' lang='lat' dir='ltr'><strong>ante</strong></span> <span class='ocrx_word' id='word_1_149' title='bbox 470 1078 673 1129; x_wconf 88' lang='lat' dir='ltr'><strong>repudiata</strong></span> <span class='ocrx_word' id='word_1_150' title='bbox 700 1086 792 1117; x_wconf 88' lang='lat' dir='ltr'><strong>sunt</strong></span> <span class='ocrx_word' id='word_1_151' title='bbox 820 1092 937 1129; x_wconf 82' lang='lat' dir='ltr'><strong>quam</strong></span> <span class='ocrx_word' id='word_1_152' title='bbox 970 1079 1154 1129; x_wconf 80' lang='lat' dir='ltr'><strong>quaesita.</strong></span> <span class='ocrx_word' id='word_1_153' title='bbox 1211 1081 1439 1119; x_wconf 89' lang='lat' dir='ltr'><strong>Laudabam</strong></span> <span class='ocrx_word' id='word_1_154' title='bbox 1458 1089 1481 1126; x_wconf 86' lang='lat'><strong>6</strong></span> <span class='ocrx_word' id='word_1_155' title='bbox 1485 1098 1507 1138; x_wconf 75' lang='lat'>5</span> 
     </span>
     <span class='ocr_line' id='line_1_22' title="bbox 27 1129 1440 1203; baseline 0.003 -25"><span class='ocrx_word' id='word_1_156' title='bbox 27 1129 321 1203; x_wconf 51' lang='grc' dir='ltr'>ὲξζᾙ</span> <span class='ocrx_word' id='word_1_157' title='bbox 346 1142 529 1193; x_wconf 89' lang='lat' dir='ltr'><strong>equidem</strong></span> <span class='ocrx_word' id='word_1_158' title='bbox 563 1142 831 1181; x_wconf 89' lang='lat' dir='ltr'><strong>incredibilem</strong></span> <span class='ocrx_word' id='word_1_159' title='bbox 870 1142 1111 1193; x_wconf 86' lang='lat' dir='ltr'><strong>diligentiam</strong></span> <span class='ocrx_word' id='word_1_160' title='bbox 1145 1144 1218 1182; x_wconf 88' lang='lat' dir='ltr'><strong>Cn.</strong></span> <span class='ocrx_word' id='word_1_161' title='bbox 1254 1144 1440 1193; x_wconf 79' lang='lat' dir='ltr'><strong>Pompei3</strong></span> 
     </span>
     <span class='ocr_line' id='line_1_23' title="bbox 0 1204 1440 1257; baseline 0.001 -11"><span class='ocrx_word' id='word_1_162' title='bbox 0 1208 37 1257; x_wconf 61' lang='grc' dir='ltr'><strong>,ἒ</strong></span> <span class='ocrx_word' id='word_1_163' title='bbox 55 1204 115 1234; x_wconf 68' lang='lat'>¹²⁵⁸·</span> <span class='ocrx_word' id='word_1_164' title='bbox 145 1211 193 1250; x_wconf 66' lang='grc' dir='ltr'><strong>,ω</strong></span> <span class='ocrx_word' id='word_1_165' title='bbox 235 1207 319 1234; x_wconf 56' lang='lat' dir='ltr'><strong>fisum</strong></span> <span class='ocrx_word' id='word_1_166' title='bbox 346 1209 416 1247; x_wconf 91' lang='lat' dir='ltr'><strong>sed</strong></span> <span class='ocrx_word' id='word_1_167' title='bbox 435 1207 564 1247; x_wconf 87' lang='lat' dir='ltr'><strong>dicam</strong></span> <span class='ocrx_word' id='word_1_168' title='bbox 584 1214 628 1246; x_wconf 90' lang='lat' dir='ltr'><strong>ut</strong></span> <span class='ocrx_word' id='word_1_169' title='bbox 646 1207 784 1255; x_wconf 91' lang='lat' dir='ltr'><strong>sentio,</strong></span> <span class='ocrx_word' id='word_1_170' title='bbox 804 1207 962 1246; x_wconf 88' lang='lat' dir='ltr'><strong>iudices.</strong></span> <span class='ocrx_word' id='word_1_171' title='bbox 1020 1207 1149 1246; x_wconf 89' lang='lat' dir='ltr'><strong>Nimis</strong></span> <span class='ocrx_word' id='word_1_172' title='bbox 1168 1209 1289 1246; x_wconf 87' lang='lat' dir='ltr'><strong>multa</strong></span> <span class='ocrx_word' id='word_1_173' title='bbox 1306 1208 1440 1247; x_wconf 88' lang='lat' dir='ltr'><strong>audire</strong></span> 
     </span>
     <span class='ocr_line' id='line_1_24' title="bbox 0 1249 1441 1323; baseline 0.002 -15"><span class='ocrx_word' id='word_1_174' title='bbox 0 1249 320 1315; x_wconf 41' lang='lat' dir='ltr'><strong>²133ng</strong></span> <span class='ocrx_word' id='word_1_175' title='bbox 346 1279 537 1323; x_wconf 88' lang='lat' dir='ltr'><strong>coguntur</strong></span> <span class='ocrx_word' id='word_1_176' title='bbox 553 1285 683 1322; x_wconf 88' lang='lat' dir='ltr'><strong>neque</strong></span> <span class='ocrx_word' id='word_1_177' title='bbox 702 1272 813 1311; x_wconf 89' lang='lat' dir='ltr'><strong>aliter</strong></span> <span class='ocrx_word' id='word_1_178' title='bbox 829 1274 955 1311; x_wconf 83' lang='lat' dir='ltr'><strong>facere</strong></span> <span class='ocrx_word' id='word_1_179' title='bbox 974 1279 1139 1322; x_wconf 84' lang='lat' dir='ltr'><strong>possunt</strong></span> <span class='ocrx_word' id='word_1_180' title='bbox 1153 1272 1179 1310; x_wconf 89' lang='lat' dir='ltr'><strong>ii</strong></span> <span class='ocrx_word' id='word_1_181' title='bbox 1198 1272 1338 1322; x_wconf 90' lang='lat' dir='ltr'><strong>quibus</strong></span> <span class='ocrx_word' id='word_1_182' title='bbox 1357 1279 1441 1312; x_wconf 89' lang='lat' dir='ltr'><strong>tota</strong></span> 
     </span>
     <span class='ocr_line' id='line_1_25' title="bbox 39 1319 1483 1393; baseline 0.001 -18.969"><span class='ocrx_word' id='word_1_183' title='bbox 16 1319 322 1392; x_wconf 41' lang='grc' dir='ltr'><strong>ᾎΜζᾚῖ</strong></span> <span class='ocrx_word' id='word_1_184' title='bbox 346 1335 555 1375; x_wconf 87' lang='lat' dir='ltr'><strong>commissa</strong></span> <span class='ocrx_word' id='word_1_185' title='bbox 579 1343 638 1374; x_wconf 90' lang='lat' dir='ltr'><strong>est</strong></span> <span class='ocrx_word' id='word_1_186' title='bbox 660 1349 722 1375; x_wconf 84' lang='lat' dir='ltr'><strong>res</strong></span> <span class='ocrx_word' id='word_1_187' title='bbox 743 1336 910 1386; x_wconf 76' lang='lat' dir='ltr'><strong>publica,</strong></span> <span class='ocrx_word' id='word_1_188' title='bbox 968 1336 1075 1385; x_wconf 88' lang='lat' dir='ltr'><strong>Quin</strong></span> <span class='ocrx_word' id='word_1_189' title='bbox 1101 1336 1218 1375; x_wconf 88' lang='lat' dir='ltr'><strong>etiam</strong></span> <span class='ocrx_word' id='word_1_190' title='bbox 1239 1336 1311 1375; x_wconf 87' lang='lat' dir='ltr'><strong>fuit</strong></span> <span class='ocrx_word' id='word_1_191' title='bbox 1334 1337 1442 1376; x_wconf 85' lang='lat' dir='ltr'><strong>audi·</strong></span> <span class='ocrx_word' id='word_1_192' title='bbox 1475 1386 1483 1393; x_wconf 46' lang='grc'><em>.</em></span> 
     </span>
     <span class='ocr_line' id='line_1_26' title="bbox 52 1391 1438 1461; baseline 0.001 -23.948"><span class='ocrx_word' id='word_1_193' title='bbox 52 1391 185 1460; x_wconf 47' lang='lat' dir='ltr'><strong>ma</strong></span> <span class='ocrx_word' id='word_1_194' title='bbox 195 1405 267 1461; x_wconf 51' lang='lat' dir='ltr'><strong>&#39;1:ss</strong></span> <span class='ocrx_word' id='word_1_195' title='bbox 262 1397 320 1461; x_wconf 46' lang='grc' dir='ltr'><strong>ἐξ</strong></span> <span class='ocrx_word' id='word_1_196' title='bbox 347 1400 471 1438; x_wconf 88' lang='lat' dir='ltr'><strong>endus</strong></span> <span class='ocrx_word' id='word_1_197' title='bbox 489 1413 594 1450; x_wconf 89' lang='lat' dir='ltr'><strong>popa</strong></span> <span class='ocrx_word' id='word_1_198' title='bbox 613 1399 796 1447; x_wconf 89' lang='lat' dir='ltr'><strong>Licinius,</strong></span> <span class='ocrx_word' id='word_1_199' title='bbox 816 1400 951 1439; x_wconf 90' lang='lat' dir='ltr'><strong>nescio</strong></span> <span class='ocrx_word' id='word_1_200' title='bbox 976 1400 1043 1450; x_wconf 91' lang='lat' dir='ltr'><strong>qui</strong></span> <span class='ocrx_word' id='word_1_201' title='bbox 1063 1401 1113 1439; x_wconf 93' lang='lat' dir='ltr'><strong>de</strong></span> <span class='ocrx_word' id='word_1_202' title='bbox 1132 1400 1236 1439; x_wconf 92' lang='lat' dir='ltr'><strong>circo</strong></span> <span class='ocrx_word' id='word_1_203' title='bbox 1254 1401 1438 1450; x_wconf 84' lang='lat' dir='ltr'><strong>maximo,</strong></span> 
     </span>
     <span class='ocr_line' id='line_1_27' title="bbox 54 1465 1439 1515; baseline 0.005 -16.799"><span class='ocrx_word' id='word_1_204' title='bbox 54 1471 235 1499; x_wconf 63' lang='lat' dir='ltr'><strong>«frivolum</strong></span> <span class='ocrx_word' id='word_1_205' title='bbox 346 1478 477 1504; x_wconf 86' lang='lat' dir='ltr'><strong>servos</strong></span> <span class='ocrx_word' id='word_1_206' title='bbox 493 1465 653 1504; x_wconf 87' lang='lat' dir='ltr'><strong>Milonis</strong></span> <span class='ocrx_word' id='word_1_207' title='bbox 671 1467 777 1515; x_wconf 89' lang='lat' dir='ltr'><strong>apud</strong></span> <span class='ocrx_word' id='word_1_208' title='bbox 796 1479 838 1504; x_wconf 88' lang='lat' dir='ltr'><strong>se</strong></span> <span class='ocrx_word' id='word_1_209' title='bbox 857 1465 986 1504; x_wconf 88' lang='lat' dir='ltr'><strong>ebrios</strong></span> <span class='ocrx_word' id='word_1_210' title='bbox 1004 1467 1127 1504; x_wconf 90' lang='lat' dir='ltr'><strong>factos</strong></span> <span class='ocrx_word' id='word_1_211' title='bbox 1147 1466 1220 1505; x_wconf 89' lang='lat' dir='ltr'><strong>sibi</strong></span> <span class='ocrx_word' id='word_1_212' title='bbox 1238 1467 1439 1506; x_wconf 84' lang='lat' dir='ltr'><strong>confessos</strong></span> 
     </span>
     <span class='ocr_line' id='line_1_28' title="bbox 14 1523 1439 1583; baseline 0.001 -15"><span class='ocrx_word' id='word_1_213' title='bbox 14 1523 38 1579; x_wconf 37' lang='grc' dir='ltr'>ᾖ</span> <span class='ocrx_word' id='word_1_214' title='bbox 56 1541 152 1575; x_wconf 58' lang='grc' dir='ltr'><strong>ωδε,</strong></span> <span class='ocrx_word' id='word_1_215' title='bbox 171 1529 222 1568; x_wconf 90' lang='lat' dir='ltr'><strong>de</strong></span> <span class='ocrx_word' id='word_1_216' title='bbox 248 1529 516 1569; x_wconf 88' lang='lat' dir='ltr'><strong>interficiendo</strong></span> <span class='ocrx_word' id='word_1_217' title='bbox 543 1531 615 1570; x_wconf 88' lang='lat' dir='ltr'><strong>Cn.</strong></span> <span class='ocrx_word' id='word_1_218' title='bbox 638 1529 829 1580; x_wconf 91' lang='lat' dir='ltr'><strong>Pompeio</strong></span> <span class='ocrx_word' id='word_1_219' title='bbox 858 1530 1090 1576; x_wconf 85' lang='lat' dir='ltr'><strong>coniurasse,</strong></span> <span class='ocrx_word' id='word_1_220' title='bbox 1111 1530 1200 1569; x_wconf 92' lang='lat' dir='ltr'><strong>dein</strong></span> <span class='ocrx_word' id='word_1_221' title='bbox 1230 1538 1368 1580; x_wconf 91' lang='lat' dir='ltr'><strong>postea</strong></span> <span class='ocrx_word' id='word_1_222' title='bbox 1395 1543 1439 1583; x_wconf 88' lang='lat' dir='ltr'><strong>se</strong></span> 
     </span>
     <span class='ocr_line' id='line_1_29' title="bbox 15 1592 1438 1644; baseline -0.001 -12"><span class='ocrx_word' id='word_1_223' title='bbox 15 1592 186 1643; x_wconf 39' lang='lat' dir='ltr'><strong>&amp;gladio</strong></span> <span class='ocrx_word' id='word_1_224' title='bbox 202 1606 428 1644; x_wconf 84' lang='lat' dir='ltr'><strong>percussum</strong></span> <span class='ocrx_word' id='word_1_225' title='bbox 453 1607 538 1633; x_wconf 89' lang='lat' dir='ltr'><strong>esse</strong></span> <span class='ocrx_word' id='word_1_226' title='bbox 567 1595 618 1633; x_wconf 89' lang='lat' dir='ltr'><strong>ab</strong></span> <span class='ocrx_word' id='word_1_227' title='bbox 645 1607 725 1632; x_wconf 91' lang='lat' dir='ltr'><strong>uno</strong></span> <span class='ocrx_word' id='word_1_228' title='bbox 754 1595 805 1633; x_wconf 89' lang='lat' dir='ltr'><strong>de</strong></span> <span class='ocrx_word' id='word_1_229' title='bbox 828 1594 913 1642; x_wconf 91' lang='lat' dir='ltr'><strong>illis,</strong></span> <span class='ocrx_word' id='word_1_230' title='bbox 934 1592 986 1633; x_wconf 83' lang='lat' dir='ltr'><strong>n&#39;e</strong></span> <span class='ocrx_word' id='word_1_231' title='bbox 1010 1593 1217 1633; x_wconf 88' lang='lat' dir='ltr'><strong>indicaret:</strong></span> <span class='ocrx_word' id='word_1_232' title='bbox 1246 1593 1438 1644; x_wconf 88' lang='lat' dir='ltr'><strong>Pompeio</strong></span> 
     </span>
     <span class='ocr_line' id='line_1_30' title="bbox 11 1657 1437 1708; baseline 0.001 -11"><span class='ocrx_word' id='word_1_233' title='bbox 11 1671 15 1673; x_wconf 91' lang='grc'><em>·</em></span> <span class='ocrx_word' id='word_1_234' title='bbox 55 1658 99 1701; x_wconf 85' lang='lat' dir='ltr'><strong>in</strong></span> <span class='ocrx_word' id='word_1_235' title='bbox 116 1658 251 1698; x_wconf 89' lang='lat' dir='ltr'><strong>hortos</strong></span> <span class='ocrx_word' id='word_1_236' title='bbox 268 1657 460 1696; x_wconf 87' lang='lat' dir='ltr'><strong>nuntiavit</strong></span> <span class='ocrx_word' id='word_1_237' title='bbox 466 1674 479 1708; x_wconf 71' lang='lat'>5</span> <span class='ocrx_word' id='word_1_238' title='bbox 506 1671 679 1697; x_wconf 89' lang='lat' dir='ltr'><strong>arcessor</strong></span> <span class='ocrx_word' id='word_1_239' title='bbox 700 1658 741 1697; x_wconf 91' lang='lat' dir='ltr'><strong>in</strong></span> <span class='ocrx_word' id='word_1_240' title='bbox 759 1657 892 1708; x_wconf 89' lang='lat' dir='ltr'><strong>primis</strong></span> <span class='ocrx_word' id='word_1_241' title='bbox 904 1673 917 1707; x_wconf 78' lang='lat'><em>3</em></span> <span class='ocrx_word' id='word_1_242' title='bbox 944 1659 994 1697; x_wconf 92' lang='lat' dir='ltr'><strong>de</strong></span> <span class='ocrx_word' id='word_1_243' title='bbox 1013 1658 1226 1697; x_wconf 87' lang='lat' dir='ltr'><strong>amicorum</strong></span> <span class='ocrx_word' id='word_1_244' title='bbox 1245 1658 1437 1698; x_wconf 89' lang='lat' dir='ltr'><strong>sententia</strong></span> 
     </span>
     <span class='ocr_line' id='line_1_31' title="bbox 20 1721 1437 1772; baseline -0.001 -9"><span class='ocrx_word' id='word_1_245' title='bbox 20 1734 139 1771; x_wconf 36' lang='lat' dir='ltr'><strong>,trem</strong></span> <span class='ocrx_word' id='word_1_246' title='bbox 155 1722 279 1761; x_wconf 88' lang='lat' dir='ltr'><strong>defert</strong></span> <span class='ocrx_word' id='word_1_247' title='bbox 296 1723 347 1760; x_wconf 91' lang='lat' dir='ltr'><strong>ad</strong></span> <span class='ocrx_word' id='word_1_248' title='bbox 366 1729 554 1761; x_wconf 89' lang='lat' dir='ltr'><strong>senatum.</strong></span> <span class='ocrx_word' id='word_1_249' title='bbox 612 1724 707 1761; x_wconf 90' lang='lat' dir='ltr'><strong>Non</strong></span> <span class='ocrx_word' id='word_1_250' title='bbox 725 1729 903 1772; x_wconf 89' lang='lat' dir='ltr'><strong>poteram</strong></span> <span class='ocrx_word' id='word_1_251' title='bbox 931 1722 972 1760; x_wconf 91' lang='lat' dir='ltr'><strong>in</strong></span> <span class='ocrx_word' id='word_1_252' title='bbox 997 1721 1098 1760; x_wconf 88' lang='lat' dir='ltr'><strong>illius</strong></span> <span class='ocrx_word' id='word_1_253' title='bbox 1116 1721 1194 1760; x_wconf 91' lang='lat' dir='ltr'><strong>mei</strong></span> <span class='ocrx_word' id='word_1_254' title='bbox 1212 1722 1437 1772; x_wconf 87' lang='lat' dir='ltr'><strong>patriaeque</strong></span> 
     </span>
     <span class='ocr_line' id='line_1_32' title="bbox 16 1781 1438 1836; baseline -0.001 -11.004"><span class='ocrx_word' id='word_1_255' title='bbox 16 1781 228 1825; x_wconf 85' lang='lat' dir='ltr'><strong>custodis</strong></span> <span class='ocrx_word' id='word_1_256' title='bbox 259 1792 367 1824; x_wconf 85' lang='lat' dir='ltr'><strong>tanta</strong></span> <span class='ocrx_word' id='word_1_257' title='bbox 396 1785 610 1836; x_wconf 90' lang='lat' dir='ltr'><strong>suspitione</strong></span> <span class='ocrx_word' id='word_1_258' title='bbox 639 1799 721 1824; x_wconf 92' lang='lat' dir='ltr'><strong>non</strong></span> <span class='ocrx_word' id='word_1_259' title='bbox 751 1792 858 1824; x_wconf 90' lang='lat' dir='ltr'><strong>metu</strong></span> <span class='ocrx_word' id='word_1_260' title='bbox 898 1784 1107 1824; x_wconf 81' lang='lat' dir='ltr'><strong>exanimari</strong></span> <span class='ocrx_word' id='word_1_261' title='bbox 1114 1801 1126 1834; x_wconf 86' lang='lat'>;</span> <span class='ocrx_word' id='word_1_262' title='bbox 1166 1786 1237 1824; x_wconf 92' lang='lat' dir='ltr'><strong>sed</strong></span> <span class='ocrx_word' id='word_1_263' title='bbox 1270 1785 1438 1825; x_wconf 87' lang='lat' dir='ltr'><strong>mirabar</strong></span> 
     </span>
     <span class='ocr_line' id='line_1_33' title="bbox 3 1841 1437 1901; baseline -0.001 -11"><span class='ocrx_word' id='word_1_264' title='bbox 3 1841 189 1901; x_wconf 41' lang='lat' dir='ltr'><strong>,ssj</strong></span> <span class='ocrx_word' id='word_1_265' title='bbox 217 1849 323 1888; x_wconf 91' lang='lat' dir='ltr'><strong>credi</strong></span> <span class='ocrx_word' id='word_1_266' title='bbox 353 1863 494 1900; x_wconf 90' lang='lat' dir='ltr'><strong>popae,</strong></span> <span class='ocrx_word' id='word_1_267' title='bbox 525 1850 812 1888; x_wconf 88' lang='lat' dir='ltr'><strong>confessionem</strong></span> <span class='ocrx_word' id='word_1_268' title='bbox 841 1862 1039 1888; x_wconf 85' lang='lat' dir='ltr'><strong>servorum</strong></span> <span class='ocrx_word' id='word_1_269' title='bbox 1068 1848 1204 1896; x_wconf 83' lang='lat' dir='ltr'><strong>audiri,</strong></span> <span class='ocrx_word' id='word_1_270' title='bbox 1227 1850 1368 1888; x_wconf 82' lang='lat' dir='ltr'><strong>vulnus</strong></span> <span class='ocrx_word' id='word_1_271' title='bbox 1396 1850 1437 1888; x_wconf 89' lang='lat' dir='ltr'><strong>in</strong></span> 
     </span>
     <span class='ocr_line' id='line_1_34' title="bbox 45 1905 1437 1965; baseline 0.001 -12.974"><span class='ocrx_word' id='word_1_272' title='bbox 45 1905 187 1965; x_wconf 27' lang='lat' dir='ltr'><strong>{later-e,</strong></span> <span class='ocrx_word' id='word_1_273' title='bbox 199 1914 306 1964; x_wconf 92' lang='lat' dir='ltr'><strong>quod</strong></span> <span class='ocrx_word' id='word_1_274' title='bbox 321 1926 394 1951; x_wconf 92' lang='lat' dir='ltr'><strong>acu</strong></span> <span class='ocrx_word' id='word_1_275' title='bbox 414 1920 603 1963; x_wconf 90' lang='lat' dir='ltr'><strong>punctum</strong></span> <span class='ocrx_word' id='word_1_276' title='bbox 617 1913 822 1960; x_wconf 87' lang='lat' dir='ltr'><strong>videretur,</strong></span> <span class='ocrx_word' id='word_1_277' title='bbox 836 1926 907 1963; x_wconf 88' lang='lat' dir='ltr'><strong>pro</strong></span> <span class='ocrx_word' id='word_1_278' title='bbox 925 1913 1004 1951; x_wconf 90' lang='lat' dir='ltr'><strong>ictu</strong></span> <span class='ocrx_word' id='word_1_279' title='bbox 1023 1912 1246 1962; x_wconf 88' lang='lat' dir='ltr'><strong>gladiatoris</strong></span> <span class='ocrx_word' id='word_1_280' title='bbox 1264 1913 1437 1962; x_wconf 83' lang='lat' dir='ltr'><strong>probari:</strong></span> 
     </span>
     <span class='ocr_line' id='line_1_35' title="bbox 55 1976 1506 2026; baseline 0 -11"><span class='ocrx_word' id='word_1_281' title='bbox 19 1987 200 2025; x_wconf 69' lang='lat' dir='ltr'><strong>verum,</strong></span> <span class='ocrx_word' id='word_1_282' title='bbox 233 1983 277 2015; x_wconf 91' lang='lat' dir='ltr'><strong>ut</strong></span> <span class='ocrx_word' id='word_1_283' title='bbox 304 1976 499 2026; x_wconf 88' lang='lat' dir='ltr'><strong>intellego,</strong></span> <span class='ocrx_word' id='word_1_284' title='bbox 531 1977 695 2015; x_wconf 88' lang='lat' dir='ltr'><strong>cavebat</strong></span> <span class='ocrx_word' id='word_1_285' title='bbox 723 1976 862 2026; x_wconf 84' lang='lat' dir='ltr'><strong>magis.</strong></span> <span class='ocrx_word' id='word_1_286' title='bbox 876 1976 1086 2026; x_wconf 89' lang='lat' dir='ltr'><strong>Pompeius</strong></span> <span class='ocrx_word' id='word_1_287' title='bbox 1116 1989 1234 2026; x_wconf 86' lang='lat' dir='ltr'><strong>quam</strong></span> <span class='ocrx_word' id='word_1_288' title='bbox 1262 1976 1435 2026; x_wconf 82' lang='lat' dir='ltr'><strong>timebat,</strong></span> <span class='ocrx_word' id='word_1_289' title='bbox 1455 1985 1506 2022; x_wconf 89' lang='lat'><strong>66</strong></span> 
     </span>
     <span class='ocr_line' id='line_1_36' title="bbox 2 2031 1438 2091; baseline 0.001 -12"><span class='ocrx_word' id='word_1_290' title='bbox 2 2031 22 2082; x_wconf 59' lang='grc' dir='ltr'><strong>,ἕ</strong></span> <span class='ocrx_word' id='word_1_291' title='bbox 70 2059 75 2074; x_wconf 79' lang='grc' dir='ltr'>ι</span> <span class='ocrx_word' id='word_1_292' title='bbox 94 2053 139 2079; x_wconf 87' lang='lat' dir='ltr'><strong>n</strong></span> <span class='ocrx_word' id='word_1_293' title='bbox 165 2053 213 2079; x_wconf 89' lang='lat' dir='ltr'><strong>ea</strong></span> <span class='ocrx_word' id='word_1_294' title='bbox 236 2041 363 2079; x_wconf 90' lang='lat' dir='ltr'><strong>solum</strong></span> <span class='ocrx_word' id='word_1_295' title='bbox 388 2054 488 2091; x_wconf 91' lang='lat' dir='ltr'><strong>quae</strong></span> <span class='ocrx_word' id='word_1_296' title='bbox 513 2040 686 2079; x_wconf 83' lang='lat' dir='ltr'><strong>timenda</strong></span> <span class='ocrx_word' id='word_1_297' title='bbox 708 2047 818 2079; x_wconf 85' lang='lat' dir='ltr'><strong>erant</strong></span> <span class='ocrx_word' id='word_1_298' title='bbox 845 2041 915 2079; x_wconf 88' lang='lat' dir='ltr'><strong>sed</strong></span> <span class='ocrx_word' id='word_1_299' title='bbox 944 2040 1089 2087; x_wconf 90' lang='lat' dir='ltr'><strong>omnia,</strong></span> <span class='ocrx_word' id='word_1_300' title='bbox 1115 2053 1167 2079; x_wconf 92' lang='lat' dir='ltr'><strong>ne</strong></span> <span class='ocrx_word' id='word_1_301' title='bbox 1196 2040 1344 2090; x_wconf 90' lang='lat' dir='ltr'><strong>aliquid</strong></span> <span class='ocrx_word' id='word_1_302' title='bbox 1366 2055 1438 2081; x_wconf 88' lang='lat' dir='ltr'><strong>vos</strong></span> 
     </span>
    </p>

    <p class='ocr_par' dir='ltr' id='par_1_9' title="bbox 40 2103 1439 2281">
     <span class='ocr_line' id='line_1_37' title="bbox 40 2103 1439 2156; baseline 0.001 -12"><span class='ocrx_word' id='word_1_303' title='bbox 40 2109 47 2131; x_wconf 66' lang='lat' dir='ltr'>f</span> <span class='ocrx_word' id='word_1_304' title='bbox 57 2103 252 2144; x_wconf 64' lang='lat' dir='ltr'><strong>timeretis.</strong></span> <span class='ocrx_word' id='word_1_305' title='bbox 309 2106 547 2156; x_wconf 82' lang='lat' dir='ltr'><strong>oppugnata</strong></span> <span class='ocrx_word' id='word_1_306' title='bbox 576 2107 715 2144; x_wconf 86' lang='lat' dir='ltr'><strong>domus</strong></span> <span class='ocrx_word' id='word_1_307' title='bbox 736 2107 780 2145; x_wconf 91' lang='lat' dir='ltr'><strong>C.</strong></span> <span class='ocrx_word' id='word_1_308' title='bbox 810 2105 999 2153; x_wconf 86' lang='lat' dir='ltr'><strong>Caesaris,</strong></span> <span class='ocrx_word' id='word_1_309' title='bbox 1019 2105 1219 2144; x_wconf 89' lang='lat' dir='ltr'><strong>clarissimi</strong></span> <span class='ocrx_word' id='word_1_310' title='bbox 1249 2114 1289 2145; x_wconf 91' lang='lat' dir='ltr'><strong>et</strong></span> <span class='ocrx_word' id='word_1_311' title='bbox 1316 2107 1439 2146; x_wconf 87' lang='lat' dir='ltr'><strong>fortis-</strong></span> 
     </span>
     <span class='ocr_line' id='line_1_38' title="bbox 48 2167 1438 2218; baseline 0.004 -12"><span class='ocrx_word' id='word_1_312' title='bbox 48 2167 147 2210; x_wconf 74' lang='lat' dir='ltr'><strong>simi</strong></span> <span class='ocrx_word' id='word_1_313' title='bbox 166 2167 249 2216; x_wconf 78' lang='lat' dir='ltr'><strong>viri,</strong></span> <span class='ocrx_word' id='word_1_314' title='bbox 266 2181 337 2218; x_wconf 91' lang='lat' dir='ltr'><strong>per</strong></span> <span class='ocrx_word' id='word_1_315' title='bbox 362 2171 504 2207; x_wconf 87' lang='lat' dir='ltr'><strong>multas</strong></span> <span class='ocrx_word' id='word_1_316' title='bbox 530 2169 657 2208; x_wconf 90' lang='lat' dir='ltr'><strong>noctis</strong></span> <span class='ocrx_word' id='word_1_317' title='bbox 683 2170 798 2208; x_wconf 86' lang='lat' dir='ltr'><strong>horas</strong></span> <span class='ocrx_word' id='word_1_318' title='bbox 825 2169 1092 2209; x_wconf 86' lang='lat' dir='ltr'><strong>nuntiabatur:</strong></span> <span class='ocrx_word' id='word_1_319' title='bbox 1119 2183 1237 2209; x_wconf 89' lang='lat' dir='ltr'><strong>nemo</strong></span> <span class='ocrx_word' id='word_1_320' title='bbox 1263 2170 1438 2211; x_wconf 89' lang='lat' dir='ltr'><strong>audierat</strong></span> 
     </span>
     <span class='ocr_line' id='line_1_39' title="bbox 48 2224 1437 2281; baseline 0.003 -9"><span class='ocrx_word' id='word_1_321' title='bbox 48 2224 59 2238; x_wconf 62' lang='lat'>⁵</span> <span class='ocrx_word' id='word_1_322' title='bbox 110 2250 129 2266; x_wconf 80' lang='grc' dir='ltr'><strong>ι·</strong></span> <span class='ocrx_word' id='word_1_323' title='bbox 173 2232 319 2272; x_wconf 88' lang='lat' dir='ltr'><strong>celebri</strong></span> <span class='ocrx_word' id='word_1_324' title='bbox 353 2234 455 2281; x_wconf 92' lang='lat' dir='ltr'><strong>loco,</strong></span> <span class='ocrx_word' id='word_1_325' title='bbox 493 2246 611 2272; x_wconf 90' lang='lat' dir='ltr'><strong>nemo</strong></span> <span class='ocrx_word' id='word_1_326' title='bbox 649 2241 821 2272; x_wconf 87' lang='lat' dir='ltr'><strong>senserat</strong></span> <span class='ocrx_word' id='word_1_327' title='bbox 828 2247 839 2281; x_wconf 78' lang='lat'><em>3</em></span> <span class='ocrx_word' id='word_1_328' title='bbox 880 2240 1013 2272; x_wconf 90' lang='lat' dir='ltr'><strong>tamen</strong></span> <span class='ocrx_word' id='word_1_329' title='bbox 1047 2235 1286 2274; x_wconf 89' lang='lat' dir='ltr'><strong>audiebatur.</strong></span> <span class='ocrx_word' id='word_1_330' title='bbox 1342 2237 1437 2276; x_wconf 88' lang='lat' dir='ltr'><strong>Non</strong></span> 
     </span>
    </p>

    <p class='ocr_par' dir='ltr' id='par_1_10' title="bbox 5 2296 1439 2478">
     <span class='ocr_line' id='line_1_40' title="bbox 72 2296 1437 2347; baseline 0.007 -17"><span class='ocrx_word' id='word_1_331' title='bbox 72 2316 78 2329; x_wconf 79' lang='grc'>.</span> <span class='ocrx_word' id='word_1_332' title='bbox 96 2314 103 2330; x_wconf 73' lang='grc'><strong><em>,</em></strong></span> <span class='ocrx_word' id='word_1_333' title='bbox 138 2314 154 2330; x_wconf 50' lang='lat' dir='ltr'><strong>a</strong></span> <span class='ocrx_word' id='word_1_334' title='bbox 177 2324 181 2329; x_wconf 85' lang='lat'>.</span> <span class='ocrx_word' id='word_1_335' title='bbox 203 2315 224 2331; x_wconf 80' lang='grc' dir='ltr'><strong>ιι</strong></span> <span class='ocrx_word' id='word_1_336' title='bbox 245 2298 318 2337; x_wconf 92' lang='lat' dir='ltr'><strong>Cn.</strong></span> <span class='ocrx_word' id='word_1_337' title='bbox 336 2296 578 2347; x_wconf 87' lang='lat' dir='ltr'><strong>Pompeium,</strong></span> <span class='ocrx_word' id='word_1_338' title='bbox 597 2297 928 2347; x_wconf 87' lang='lat' dir='ltr'><strong>praestantissima</strong></span> <span class='ocrx_word' id='word_1_339' title='bbox 945 2297 1085 2337; x_wconf 83' lang='lat' dir='ltr'><strong>virtute</strong></span> <span class='ocrx_word' id='word_1_340' title='bbox 1103 2298 1239 2346; x_wconf 90' lang='lat' dir='ltr'><strong>virum,</strong></span> <span class='ocrx_word' id='word_1_341' title='bbox 1259 2299 1437 2340; x_wconf 87' lang='lat' dir='ltr'><strong>timidum</strong></span> 
     </span>
     <span class='ocr_line' id='line_1_41' title="bbox 5 2359 1438 2412; baseline 0.005 -14"><span class='ocrx_word' id='word_1_342' title='bbox 5 2367 25 2406; x_wconf 49' lang='grc' dir='ltr'>ζ</span> <span class='ocrx_word' id='word_1_343' title='bbox 46 2359 91 2411; x_wconf 53' lang='lat' dir='ltr'><strong>*s</strong></span> <span class='ocrx_word' id='word_1_344' title='bbox 114 2359 264 2399; x_wconf 54' lang='lat' dir='ltr'><strong>scari:</strong></span> <span class='ocrx_word' id='word_1_345' title='bbox 290 2360 539 2411; x_wconf 88' lang='lat' dir='ltr'><strong>diligentiam,</strong></span> <span class='ocrx_word' id='word_1_346' title='bbox 560 2367 644 2400; x_wconf 90' lang='lat' dir='ltr'><strong>tota</strong></span> <span class='ocrx_word' id='word_1_347' title='bbox 666 2374 708 2399; x_wconf 89' lang='lat' dir='ltr'><strong>re</strong></span> <span class='ocrx_word' id='word_1_348' title='bbox 727 2361 883 2411; x_wconf 89' lang='lat' dir='ltr'><strong>publica</strong></span> <span class='ocrx_word' id='word_1_349' title='bbox 901 2369 1093 2412; x_wconf 88' lang='lat' dir='ltr'><strong>suscepta,</strong></span> <span class='ocrx_word' id='word_1_350' title='bbox 1113 2362 1273 2402; x_wconf 92' lang='lat' dir='ltr'><strong>nimiam</strong></span> <span class='ocrx_word' id='word_1_351' title='bbox 1291 2366 1438 2405; x_wconf 81' lang='lat' dir='ltr'><strong>nullam</strong></span> 
     </span>
     <span class='ocr_line' id='line_1_42' title="bbox 8 2424 1439 2478; baseline 0.005 -16"><span class='ocrx_word' id='word_1_352' title='bbox 8 2424 25 2438; x_wconf 40' lang='grc' dir='ltr'><strong>ζ</strong></span> <span class='ocrx_word' id='word_1_353' title='bbox 100 2425 107 2432; x_wconf 85' lang='grc'><strong><em>’</em></strong></span> <span class='ocrx_word' id='word_1_354' title='bbox 312 2424 643 2475; x_wconf 88' lang='lat' dir='ltr'><strong>Frequentissimo</strong></span> <span class='ocrx_word' id='word_1_355' title='bbox 670 2432 807 2464; x_wconf 90' lang='lat' dir='ltr'><strong>senatu</strong></span> <span class='ocrx_word' id='word_1_356' title='bbox 834 2438 959 2476; x_wconf 88' lang='lat' dir='ltr'><strong>nuper</strong></span> <span class='ocrx_word' id='word_1_357' title='bbox 986 2426 1027 2464; x_wconf 91' lang='lat' dir='ltr'><strong>in</strong></span> <span class='ocrx_word' id='word_1_358' title='bbox 1055 2426 1254 2478; x_wconf 89' lang='lat' dir='ltr'><strong>Capitolio</strong></span> <span class='ocrx_word' id='word_1_359' title='bbox 1283 2437 1439 2469; x_wconf 86' lang='lat' dir='ltr'><strong>senator</strong></span> 
     </span>
    </p>
   </div>
   <div class='ocr_carea' id='block_1_5' title="bbox 0 1638 260 2488">
    <p class='ocr_par' dir='ltr' id='par_1_11' title="bbox 0 1638 260 2488">
     <span class='ocr_line' id='line_1_43' title="bbox 0 1638 54 1862; baseline 0 0"><span class='ocrx_word' id='word_1_360' title='bbox 0 1638 54 1862; x_wconf 95' lang='lat' dir='ltr'><strong>    </strong></span> 
     </span>
     <span class='ocr_line' id='line_1_44' title="bbox 0 1862 55 1951; baseline 0 0"><span class='ocrx_word' id='word_1_361' title='bbox 0 1862 55 1951; x_wconf 95' lang='lat' dir='ltr'><strong>  </strong></span> 
     </span>
     <span class='ocr_line' id='line_1_45' title="bbox 0 1951 110 2077; baseline 0 -26"><span class='ocrx_word' id='word_1_362' title='bbox 0 1951 110 2077; x_wconf 95' lang='lat' dir='ltr'><strong>   </strong></span> 
     </span>
     <span class='ocr_line' id='line_1_46' title="bbox 0 2077 55 2137; baseline 0 0"><span class='ocrx_word' id='word_1_363' title='bbox 0 2077 55 2137; x_wconf 95' lang='lat' dir='ltr'><strong>  </strong></span> 
     </span>
     <span class='ocr_line' id='line_1_47' title="bbox 0 2137 173 2305; baseline 0 -48"><span class='ocrx_word' id='word_1_364' title='bbox 0 2137 173 2305; x_wconf 95' lang='lat' dir='ltr'><strong>   </strong></span> 
     </span>
     <span class='ocr_line' id='line_1_48' title="bbox 0 2305 260 2488; baseline 0 -50"><span class='ocrx_word' id='word_1_365' title='bbox 0 2305 260 2488; x_wconf 95' lang='lat' dir='ltr'><strong>    </strong></span> 
     </span>
    </p>
   </div>
  </div>
 </body>
</html>
