1540 2488
132 58 178 84 22
637 48 698 87 M.
731 49 773 86 23
807 47 988 86 Ciceronis
1031 48 1047 53 ‘

1538 72 1540 87 Ι

1537 90 1540 114 1

49 118 104 163 ²3
206 124 300 152 ΒΜ
479 126 611 176 'Quod
633 128 664 166 si
686 129 860 168 nondum
884 130 975 169 satis
996 129 1159 179 cernitis,
1178 130 1298 183 quum
1323 146 1384 173 res
1401 133 1484 185 ipsa
1499 115 1540 228 6¹

161 169 250 250 Arcgh·
265 170 351 257 went.
413 196 470 228 tot
499 197 578 228 tam
607 190 717 229 claris
748 194 978 241 argumentis
1008 194 1200 244 signisque
1228 196 1365 244 luceat,
1389 209 1485 247 pura
1514 192 1516 194 ’

170 264 232 291 The
243 266 391 299 murnff
411 260 540 292 mente
567 261 683 303 atque
711 254 857 305 integra
884 257 1085 304 Milonem,
1111 259 1218 296 nullo
1245 259 1387 298 scelere
1413 259 1483 298 im-
1530 246 1540 341 ἱ

122 302 385 366 ἔζῇοξῖὴλῗζξηζ
412 317 557 363 butum,
576 318 683 355 nullo
711 324 816 355 metu
843 318 1093 367 perterritum,
1118 321 1223 358 nulla
1250 321 1483 361 conscientia
1534 347 1539 378 1·

121 378 385 448 affzffitfjstgssmg
412 378 667 416 exanimatum
691 380 858 417 Romam
887 381 1095 427 revertisse,
1121 381 1385 430 recordamini,
1414 395 1485 433 per
1511 383 1537 432 μΙ

122 453 214 480 crime.
248 453 294 479 He
307 461 383 480 came
411 441 505 479 deos
524 441 766 489 immortales,
788 454 887 491 quae
905 442 1015 480 suerit
1034 443 1204 482 celeritas
1222 444 1364 484 reditus
1383 445 1463 484 eius
1469 460 1482 495 5
1535 450 1537 464 ²

121 489 384 560 Ξξξῐλῃᾛζῗζζζζν
410 502 476 551 qui
495 503 684 553 ingressus
711 503 750 541 in
775 505 909 552 forum,
930 506 1087 544 ardente
1112 506 1215 544 curia
1222 521 1233 554 3
1261 519 1358 556 quae
1379 519 1482 557 mag-
1535 510 1537 516 ²

121 563 234 607 ¹¹³¹¹¹⁵⁴=¹K
264 574 300 591 ⁰¹¹
335 565 382 627 Ἓξ
409 565 545 604 nitudo
581 566 709 614 animi,
748 566 813 616 qui
849 569 984 614 vultus,
1024 580 1123 617 quae
1155 569 1286 607 oratio.
1343 570 1483 619 Neque

121 602 321 682 {gigcuossnci'f
335 608 384 666 t0⁰5
408 641 499 667 vero
518 641 560 667 se
578 630 723 678 populo
743 630 867 667 solum
887 631 955 668 sed
974 630 1090 668 etiam
1108 631 1254 669 senatui
1273 630 1464 670 commisit
1471 644 1483 678 ς

123 675 288 709 P⁰¹¹¹p⁶y¹t⁵
299 677 378 704 ¹¹⁶²&
408 703 534 740 neque
553 691 701 730 senatui
718 692 837 730 modo
863 693 931 730 sed
960 693 1076 731 etiam
1102 693 1264 743 publicis
1287 693 1482 743 praesidiis

122 758 160 790 et
191 753 304 792 armis
313 767 324 801 5
362 767 488 804 neque
525 754 583 793 his
613 762 760 793 tantum
790 768 922 794 verum
955 755 1069 794 etiam
1099 756 1180 794 eius
1209 757 1390 806 potestati
1420 757 1482 796 cui

123 822 277 854 sen-atus
313 823 434 855 totam
466 830 545 855 rem
577 818 781 866 publicam,
814 831 969 857 omnem
1001 819 1135 858 Italiae
1164 821 1317 869 pubem,
1344 827 1483 860 cuncta
1539 858 1540 863 ,

121 878 255 928 populi
283 879 452 919 Romani
483 893 588 919 arma
617 882 876 921 commiserat:
905 881 966 920 eui
995 895 1205 932 numquam
1236 896 1276 922 se
1306 883 1368 922 hic
1398 897 1484 934 pro·
1538 894 1540 898 ‘

121 943 222 981 secto
244 942 472 991 tradidisset,
493 943 566 982 nisi
590 957 727 983 causae
753 957 844 983 suae
872 946 1092 994 confideret,
1113 947 1333 996 praesertim
1353 947 1483 986 omnia
1538 983 1540 992 ,

121 1004 302 1053 audienti,
322 1019 461 1055 magna
478 1007 675 1054 metuenti,
696 1008 816 1045 multa
835 1007 1053 1057 suspicanti,
1074 1021 1154 1047 non
1181 1010 1285 1048 nulla
1299 1010 1480 1053 credenti,
1538 1007 1540 1046 Ῐ

122 1068 267 1117 Magna
294 1068 351 1106 vis
381 1075 438 1107 est
470 1068 738 1118 conscientiae,
769 1070 926 1118 iudices,
965 1077 1003 1109 et
1035 1084 1173 1121 magna
1208 1071 1248 1110 in
1283 1078 1482 1122 utramque

119 1138 267 1179 partem
275 1145 286 1179 3
312 1138 355 1169 ut
386 1144 513 1181 neque
542 1132 702 1171 timeant
730 1133 797 1183 qui
825 1133 921 1171 nihil
946 1134 1215 1183 commiserint,
1247 1142 1285 1174 et
1316 1148 1482 1185 poenam

120 1206 270 1244 semper
300 1202 390 1234 ante
419 1197 552 1235 oculos
577 1196 717 1235 versari
735 1204 872 1246 putent
891 1197 956 1247 qui
975 1199 1180 1247 peccarint.
1237 1201 1376 1249 Neque
1393 1212 1484 1238 vero
1499 1189 1540 1256 ⁶5,

119 1258 201 1297 sine
231 1259 380 1298 ratione
410 1267 513 1299 certa
543 1273 658 1299 causa
677 1261 835 1300 Milonis
861 1274 1014 1312 semper
1036 1275 1059 1300 a
1078 1269 1211 1301 senatu
1230 1264 1392 1312 probata
1409 1270 1486 1315 est3
1539 1257 1540 1294 i

119 1322 302 1362 videbant
321 1323 422 1362 enim
439 1324 710 1373 sapientissimi
725 1325 902 1364 homines
916 1325 1005 1364 facti
1020 1325 1218 1374 rationem,
1231 1326 1483 1376 praesentiam
1534 1364 1535 1373 ἶ

155 1418 217 1445 Nor
227 1419 274 1445 did
289 1418 324 1445 he
340 1418 383 1449 (as
409 1387 536 1435 animi,
572 1388 805 1427 defensionis
835 1388 1101 1427 constantiam.
1156 1390 1220 1427 An
1251 1402 1342 1428 vero
1373 1389 1483 1428 obliti
1533 1390 1535 1419 }

122 1464 197 1499 som?
232 1455 385 1499 predipted)
411 1452 511 1500 estis,
533 1452 688 1499 iudices,
713 1452 858 1491 recenti
876 1453 942 1491 illo
962 1452 1098 1491 nuntio
1124 1453 1228 1492 necis
1257 1452 1480 1502 Clodianae,

121 1493 206 1563 ἓξὲξ
217 1493 384 1557 ᾞΪὲῗὲἶυῗ
411 1528 491 1553 non
536 1516 656 1554 modo
702 1515 943 1554 inimicorum
989 1515 1148 1553 Milonis
1199 1527 1394 1554 sermones
1443 1521 1484 1554 et
1532 1519 1533 1526 ¹

121 1574 182 1600 ΨΥ
193 1568 271 1595 ‘⁸³¹⁶‘
411 1576 612 1626 opiniones
640 1578 709 1615 sed
736 1590 816 1615 non
843 1578 1033 1616 nullorum
1061 1576 1175 1615 etiarn
1200 1576 1483 1626 imperitorum?
1530 1589 1533 1611 ε

122 1641 314 1690 negabant
333 1653 421 1679 eum
441 1642 609 1678 Romam
630 1653 712 1679 esse
737 1640 954 1679 rediturum.
1011 1641 1099 1679 Sive
1121 1640 1222 1678 enim
1240 1640 1333 1678 illud
1351 1639 1480 1678 animo
1497 1640 1519 1680 6

121 1702 217 1741 irato
244 1715 290 1741 ac
319 1703 464 1752 percito
494 1704 645 1743 fecisset
673 1711 715 1742 ut
740 1704 917 1743 incensus
943 1703 1034 1743 odio
1053 1703 1256 1742 trucidaret
1274 1701 1479 1748 inimicum,

121 1765 400 1805 arbitrabantur
432 1779 519 1805 eum
549 1767 644 1805 tanti
676 1774 838 1806 mortem
869 1769 910 1806 P.
944 1766 1072 1806 Clodii
1103 1774 1257 1816 putasse
1284 1772 1326 1804 ut
1356 1778 1482 1816 aequo

121 1829 251 1868 animo
270 1829 392 1879 patria
419 1838 574 1877 careret,
598 1844 717 1880 quum
749 1831 933 1880 sanguine
965 1829 1108 1868 inimici
1135 1830 1324 1879 explesset
1350 1828 1497 1867 odium'
1528 1831 1530 1846 l

121 1905 250 1931 suum:
279 1892 358 1931 sive
388 1893 502 1931 etiam
532 1893 630 1932 illius
662 1901 785 1932 morte
814 1893 975 1944 patriam
999 1893 1157 1932 liberare
1181 1892 1371 1940 voluisset,
1400 1905 1482 1931 non
1528 1924 1529 1928 ,

122 1954 381 1994 dubitaturum
412 1957 550 1995 fortem
578 1957 699 1995 virum
729 1957 833 2006 quin,
866 1970 985 2007 quum
1014 1969 1085 1995 suo
1116 1955 1286 2006 periculo
1319 1957 1479 1995 salutem
1526 1961 1530 1964 ’

120 2018 267 2067 populo
286 2019 467 2057 Romano
485 2018 682 2066 attulisset,
704 2021 858 2058 cederet
880 2032 1006 2069 aequo
1024 2018 1154 2058 animo
1172 2018 1329 2068 legibus,
1349 2030 1478 2058 secum

122 2081 284 2120 auferret
309 2082 469 2131 gloriam
497 2082 778 2132 sempitemam‚
806 2082 919 2121 nobis
945 2083 1041 2121 haec
1067 2082 1227 2121 fruenda
1251 2080 1509 2140 relinqueret*

122 2156 221 2194 quae
251 2144 332 2194 ipse
365 2152 561 2184 servasset.
619 2145 735 2183 Multi
770 2145 886 2183 etiam
915 2143 1122 2184 Catilinam
1152 2150 1268 2193 atque
1298 2142 1363 2182 illa
1396 2154 1483 2193 por-

122 2214 229 2246 tenta
249 2209 521 2258 loquebantur:
552 2212 752 2258 ‘erumpet,
772 2207 980 2258 occupabit
995 2207 1163 2258 aliquem
1179 2208 1319 2254 locum,
1337 2206 1482 2245 bellum

122 2269 267 2320 patriae
295 2270 434 2312 faciet)
488 2271 653 2310 Miseros
681 2270 873 2310 interdum
899 2270 1002 2309 cives
1029 2269 1173 2321 optime
1199 2270 1250 2309 de
1269 2282 1311 2308 re
1327 2267 1483 2320 publica

121 2332 288 2382 meritos,
307 2333 348 2372 in
367 2333 504 2384 quibus
522 2334 698 2373 homines
718 2347 798 2373 non
822 2334 942 2373 modo
962 2346 1022 2373 res
1046 2332 1362 2384 praeclarissimas
1388 2331 1484 2372 obli·

125 2394 330 2447 viscuntur,
368 2396 438 2436 sed
474 2395 590 2436 etiam
627 2396 788 2436 nefarias
826 2396 1082 2446 suspicantur!
1143 2396 1246 2446 Ergo
1286 2393 1352 2433 ina
1387 2394 1484 2434 salsa
