1540 2488
0 1124 1 1128 ,
63 1098 112 1125 the
145 1098 234 1125 slaves
267 1107 329 1132 pro-

485 30 568 69 Pro
599 29 642 68 23
672 29 804 68 Annio
829 29 987 68 M‘lone.
1392 37 1437 62 21

23 140 25 142 ·
57 125 225 160 hadequate
281 133 326 152 re-
353 110 487 152 fecerit
514 109 707 162 praemiis,
733 108 860 149 nescis
890 105 1038 147 inimici
1067 107 1213 146 factum
1239 106 1444 157 reprehen-

17 184 19 187 ’
57 163 324 231 3ῗὲᾙὲᾘῖ
350 177 453 216 dere.
510 174 621 214 Dixit
654 173 759 213 enim
790 172 855 212 hic
886 172 992 212 idem
1025 171 1092 221 qui
1123 169 1256 210 omnia
1291 182 1445 219 semper
1464 172 1514 223 58

57 239 324 309 ἓοῖνῑὲἔὴὲἓὲἕιῖ
350 245 573 278 constanter
604 244 644 277 et
672 237 829 285 fortiter,
851 238 908 275 M.
942 238 1055 283 Cato,
1089 234 1267 284 dixitque
1299 233 1340 272 in
1372 240 1447 272 tur-

58 319 219 342 tomresto
233 313 325 340 which
350 303 510 342 bulenta
541 300 736 348 contione,
774 313 873 350 quae
910 306 1042 338 tamen
1077 298 1190 336 huius
1217 297 1446 336 auctoritate

58 353 132 417 sseg,
143 351 328 423 ζζζιοῖεὲἃζζ
354 367 505 416 placata
520 371 589 413 est,
604 377 687 403 non
700 364 878 403 libertate
893 364 1019 401 solum
1038 363 1109 401 sed
1127 361 1244 400 etiam
1264 361 1445 400 omnibus

59 428 158 456 flam·
353 428 532 480 praemiis
562 426 808 478 dignissimos
834 426 950 464 fuisse
980 425 1047 475 qui
1072 423 1221 464 domini
1245 430 1362 474 caput
1381 425 1446 463 de-

60 493 282 534 fendissent.
351 494 470 542 Quod
518 491 622 531 enim
657 490 874 542 praemium
921 490 1012 528 satis
1049 502 1233 539 magnum
1270 496 1328 527 est
1364 495 1446 527 tam

60 558 271 606 benevolis,
292 564 372 596 tam
400 555 526 604 bonis,
547 563 626 594 tam
654 555 834 594 fidelibus
858 553 987 601 servis,
1017 560 1175 603 propter
1199 566 1297 603 quos
1322 552 1447 592 vivit?

62 621 135 662 etsi
164 621 207 660 id
239 621 398 672 quidem
428 634 511 659 non
539 619 637 659 tanti
660 626 718 658 est
737 632 854 669 quam
882 620 990 669 quod
1010 626 1168 668 propter
1186 619 1346 657 eosdem
1363 631 1448 657 non

63 684 250 736 sanguine
270 692 308 724 et
325 684 546 723 vulneribus
570 682 647 722 suis
673 682 926 722 crudelissimi
945 682 1090 720 inimici
1108 689 1280 721 mentem
1299 683 1448 721 oculos-

63 761 139 799 que
170 748 330 787 satiavit.
398 749 508 796 Quos
537 747 612 786 nisi
640 760 759 785 manu
790 747 968 794 misisset,
1000 746 1201 785 tormentis
1232 746 1348 785 etiam
1384 747 1451 785 de-

62 812 183 852 dendi
200 814 356 851 fuerunt
374 819 664 851 conservatores
685 811 845 859 domini,
866 813 1009 850 ultores
1039 811 1202 859 sceleris,
1224 812 1447 850 defensores

62 875 180 916 necis.
239 876 322 915 Hic
352 890 445 915 vero
475 876 571 914 nihil
598 877 718 915 habet
742 876 782 914 in
801 876 860 915 his
880 876 990 915 malis
1012 878 1119 926 quod
1137 876 1264 914 minus
1283 877 1447 915 moleste

6 959 13 970 ’κ
61 941 169 989 serat,
190 953 318 990 quam,
341 939 457 979 etiam
477 940 509 978 si
528 939 621 990 quid
641 939 714 990 ipsi
732 939 896 988 accidat,
918 953 1002 979 esse
1021 947 1152 979 tamen
1177 939 1249 978 illis
1268 939 1448 979 meritum

95 1022 138 1049 As
159 1027 189 1049 to
210 1023 258 1049 the
281 1031 329 1049 an-
355 1003 568 1054 praemium
602 1004 850 1053 persolutum.
914 1005 989 1044 Sed
1028 1004 1275 1054 quaestiones
1311 1012 1448 1054 urgent
1467 1015 1519 1054 59

63 1069 147 1087 ”⁸¹⁵
178 1061 262 1093 given
290 1060 328 1092 by
357 1067 548 1106 Milonem
561 1080 661 1117 quae
675 1075 763 1107 sunt
781 1068 937 1108 habitae
953 1082 1058 1107 nunc
1072 1068 1111 1107 in
1124 1068 1220 1107 atrio
1229 1068 1445 1110 Libertatis.

63 1137 155 1164 dueed
165 1137 204 1171 by
220 1137 329 1170 Appius
357 1130 600 1179 Quibusnam
620 1133 670 1171 de
689 1131 830 1171 servis?
852 1135 989 1182 rogas?
1013 1133 1064 1171 de
1085 1134 1125 1171 P.
1150 1131 1290 1172 Clodii.
1349 1133 1447 1182 Quis

0 1165 2 1190 ¹.
64 1174 186 1207 Clodius,
261 1175 330 1207 they

63 1220 149 1245 pm„
197 1212 328 1245 „othim
358 1208 423 1234 eos
442 1195 679 1245 postulavit?
715 1196 876 1246 Appius.
914 1196 1011 1261 Quis
1034 1196 1246 1246 produxit?
1281 1197 1444 1247 Appius.

63 1249 329 1315 ἱζᾱίἱὲξὲἀςξζζξ
358 1260 506 1298 Unde?
559 1261 610 1298 ab
635 1259 777 1309 Appio.
840 1259 893 1298 Di
929 1260 1042 1299 boni!
1089 1259 1183 1310 quid
1220 1267 1350 1311 potest
1386 1260 1450 1311 agi

63 1326 338 1396 Eajmretggveguffis
362 1322 558 1361 severius?
606 1324 669 1361 De
702 1322 819 1361 servis
850 1324 957 1361 nulla
988 1325 1073 1373 lege
1104 1323 1282 1373 quaestio
1321 1331 1378 1362 est
1407 1324 1449 1364 in

65 1384 331 1434 haveiaeenpunish.
357 1384 558 1424 dominum
590 1385 664 1423 nisi
701 1386 751 1424 de
789 1385 949 1433 incestu,
988 1393 1031 1424 ut
1066 1386 1137 1424 fuit
1172 1386 1213 1424 in
1251 1387 1445 1427 Clodium.

66 1439 254 1472 “¹me
358 1448 536 1487 Proxime
569 1450 665 1488 deos
703 1449 867 1488 accessit
905 1449 1292 1500 Clodius‚—propius
1330 1464 1448 1501 quam

65 1515 148 1549 tum
174 1523 292 1560 quum
320 1513 372 1550 ad
396 1512 502 1562 ipsos
527 1513 920 1562 penetrarat,—cuius
945 1515 995 1553 de
1018 1521 1143 1554 morte
1172 1521 1368 1565 tamquam
1397 1518 1447 1556 de

66 1572 308 1612 caerimoniis
337 1573 488 1613 violatis
525 1574 726 1624 quaeritur.
785 1577 862 1614 Sed
899 1583 1030 1614 tamen
1066 1575 1231 1615 maiores
1258 1576 1379 1616 nostri
1406 1578 1447 1617 in

67 1635 268 1675 dominum
299 1637 350 1676 de
381 1650 492 1676 servo
518 1637 650 1687 quaeri
678 1639 896 1686 noluerunt,
916 1653 997 1678 non
1027 1640 1121 1689 quin
1150 1647 1283 1690 posset
1314 1655 1447 1681 verum

66 1698 240 1748 inveniri,
271 1701 341 1739 sed
373 1700 464 1750 quia
492 1700 696 1741 videbatur
723 1702 924 1753 indignum
954 1711 993 1743 et
1026 1704 1174 1743 domini
1202 1713 1327 1744 morte
1363 1706 1448 1757 ipsa

67 1761 219 1802 tristius.
277 1765 327 1801 In
354 1777 463 1802 reum
486 1765 536 1804 de
565 1778 676 1804 servo
698 1767 931 1805 accusatoris
952 1780 1071 1817 quum
1091 1769 1293 1818 quaeritur,
1314 1783 1448 1809 verum

69 1824 230 1865 inveniri
266 1830 420 1877 potest?
472 1831 557 1880 Age
594 1843 697 1877 vero,
738 1843 836 1880 quae
874 1838 954 1869 erat
985 1839 1052 1870 aut
1089 1832 1211 1881 qualis
1249 1833 1448 1883 quaestio?
1467 1837 1518 1874 60

55 1890 202 1929 .‘Heus
230 1898 283 1940 tu,
317 1892 459 1940 Rufio,’
487 1892 611 1943 (verbi
643 1893 774 1945 causa)
808 1897 919 1933 ‘cave
951 1894 1002 1933 sis
1038 1896 1224 1935 mentiare
1232 1911 1243 1944 3
1285 1897 1447 1937 Clodius

66 1951 226 1997 insidias
254 1955 347 1993 fecit
384 1956 527 1994 Miloni
539 1959 572 1996 P'
616 1957 779 1996 ‘Fecit:'
819 1956 925 1996 certa
961 1971 1063 1997 crux.
1134 1961 1286 1999 ‘Nullas
1323 1960 1447 1999 fecit?

68 2025 219 2068 sperata
236 2018 402 2058 libertas.
458 2020 564 2068 Quid
582 2021 658 2060 hac
678 2022 906 2071 quaestione
927 2022 1096 2062 certius?
1142 2024 1278 2063 Subito
1297 2024 1448 2075 abrepti

28 2104 30 2106 v
66 2079 109 2119 in
138 2082 415 2132 quaestionem,
449 2092 675 2134 separantur
703 2092 834 2124 tamen
863 2099 886 2124 a
915 2086 1051 2125 ceteris
1081 2094 1120 2125 et
1146 2087 1187 2125 in
1211 2101 1319 2127 arcas
1344 2089 1448 2128 coni-

14 2149 19 2153 ’
68 2143 229 2194 ciuntur,
248 2159 299 2185 ne
318 2146 404 2197 quis
422 2160 512 2186 cum
530 2148 576 2187 iis
595 2149 766 2198 colloqui
785 2149 917 2199 possit.
972 2150 1030 2188 Hi
1048 2158 1204 2190 centum
1224 2152 1308 2191 dies
1326 2166 1446 2203 penes

67 2216 330 2249 accusatorem
360 2224 479 2261 quum
506 2211 677 2259 fuissent,
707 2213 758 2251 ab
787 2225 835 2251 eo
863 2212 949 2262 ipso
981 2212 1239 2267 [accusatore]
1267 2216 1447 2265 producti

26 2281 27 2284 ’
67 2277 167 2312 sunt.
223 2273 330 2322 Quid
351 2274 427 2314 hac
449 2274 677 2324 quaestione
706 2274 783 2314 dici
812 2283 942 2326 potest
970 2277 1176 2327 integrius?
1205 2278 1300 2329 quid
1326 2278 1448 2319 incor-

68 2334 240 2387 mptius?
