1540 2488
459 36 542 75 Pro
573 34 616 73 J:
644 31 776 71 Annio
801 30 957 70 Milone.
1362 38 1410 76 3¹

35 103 38 140 ἶ
61 134 150 163 Their
191 142 295 167 ve„ge-
321 127 413 155 nam
430 120 654 154 reservatus.
707 114 794 151 Nec
811 125 904 151 vero
923 123 1005 150 non
1020 110 1159 149 eadem
1177 109 1232 147 ira
1251 108 1413 147 deorum

33 215 35 218 .
65 173 295 242 {ggffiegeffl}
321 181 424 219 hanc
460 179 542 218 eius
575 177 804 217 satellitibus
835 175 967 217 iniecit
1001 175 1226 219 amentiam,
1254 181 1297 213 ut
1329 172 1415 213 sine

106 250 219 282 leaving
251 249 294 275 his
321 243 564 294 imaginibus,
586 242 668 281 sine
688 249 804 280 cantu
824 249 942 291 atque
964 240 1077 287 ludis,
1099 239 1181 278 sine
1207 237 1412 289 exsequiis,

57 287 201 358 „300ssss
216 295 295 350 Ξῇἶ.
323 307 404 346 sine
426 306 617 353 lamentis,
643 306 726 345 sine
751 304 1051 351 laudationibus,
1073 303 1155 343 sine
1181 305 1325 351 funere,
1346 305 1415 342 ob-

55 363 296 428 ἑεζζζξῗξξὲοἷ
319 372 408 410 litus
438 384 572 410 cruore
600 378 638 410 et
665 371 760 417 luto,
791 369 978 420 spoliatus
1006 368 1107 407 illius
1137 367 1305 418 supremi
1335 367 1414 407 diei

319 434 553 482 celebritate,
584 434 646 473 cui
673 435 813 472 cedere
846 433 964 472 etiam
994 432 1140 471 inimici
1168 434 1306 479 solent,
1335 445 1415 470 am-

26 535 27 540 ,
57 504 227 537 ureretur
257 497 442 536 abiectus.
483 498 594 537 ÷Non
630 497 747 535 fuisse
784 497 902 535 credo
939 497 996 535 fas
1033 496 1333 535 clarissimorum
1361 495 1415 534 vi-

24 556 157 601 ftorum
176 562 318 601 formas
340 561 394 599 illi
419 561 638 600 taeterrimo
662 560 876 611 parricidae
904 559 1052 609 aliquid
1077 560 1229 599 decoriS
1251 561 1413 607 adferre,

22 638 159 682 ¹neque
179 626 261 664 ullo
286 626 327 663 in
351 627 440 664 loco
469 626 598 675 potius
628 632 794 664 mortem
823 625 904 664 eius
932 624 1090 662 lacerari
1118 637 1236 674 quarn
1266 625 1307 663 in
1335 638 1414 675 quo

322 697 424 728 esset
450 691 530 728 vita
557 691 752 729 damnata.
811 691 930 736 Dura,
960 702 1024 727 me
1054 688 1140 727 dius
1166 689 1291 736 fidius,
1321 689 1416 728 mihi
1435 696 1483 744 87

20 754 21 766 ἢ
64 735 93 762 It
115 734 164 761 did
194 733 295 760 indeed
325 755 332 762 .
733 754 740 761 .
924 753 932 760 .
1154 753 1160 760 .
1229 754 1236 760 .

29 779 223 805 „emsffange
235 772 296 798 that
322 769 399 794 iam
420 757 590 794 Fortuna
608 756 743 804 populi
763 756 935 792 Romani
961 761 999 792 et
1018 754 1182 792 crudehs
1201 754 1416 802 videbatur,

18 810 298 880 'ffeffissfflssfifflg
325 832 425 869 quae
444 826 502 858 tot
520 831 644 857 annos
664 818 771 856 illum
791 817 832 855 in
857 818 958 855 hanc
980 830 1062 855 rem
1086 817 1285 867 publicam
1303 817 1421 856 insul-

16 885 299 958 ftgffiffhffi
327 892 407 923 tare
430 890 634 934 pateretur.
693 884 888 921 Polluerat
915 890 1048 932 stupro
1076 882 1336 921 sanctissimas
1363 896 1420 922 re-

29 963 87 991 aud
120 963 222 994 divine,
252 971 296 988 re·
323 948 496 998 ligiones,
527 953 683 986 senatus
719 945 943 996 gravissima
979 946 1135 984 decreta
1173 947 1416 996 perfregerat,

11 1001 208 1067 ,ffffi'o-by
223 1008 296 1027 ”⁰¹¹⁶
325 1012 492 1063 pecunia
519 1025 560 1050 se
588 1024 612 1049 a
638 1010 830 1049 iudicibus
858 1012 988 1060 palam
1015 1012 1242 1059 redemerat,
1262 1018 1421 1050 vexarat

325 1076 366 1115 in
384 1076 581 1115 tribunatu
607 1082 795 1122 senatum,
817 1074 992 1113 omnium
1017 1075 1196 1114 ordinum
1226 1088 1420 1114 consensu

31 1154 104 1192 pro
128 1142 251 1181 salute
282 1139 338 1179 rei
365 1139 545 1190 publicae
571 1146 681 1189 gesta
716 1139 935 1187 resciderat,
965 1152 1029 1178 me
1057 1139 1181 1189 patria
1209 1141 1418 1189 expulerat,

31 1206 139 1246 bona
175 1205 392 1254 diripuerat,
422 1204 584 1242 domum
620 1202 856 1250 incenderat,
886 1203 1028 1242 liberos
1057 1203 1264 1253 coniugem
1291 1216 1421 1242 meam

33 1276 200 1317 vexarat,
223 1271 295 1308 Cn.
319 1269 508 1318 Pompeio
526 1267 714 1306 nefarium
732 1268 879 1306 bellum
904 1266 1106 1314 indixerat,
1127 1268 1421 1317 magistratuum

33 1333 348 1384 privatorumque
367 1333 508 1371 caedes
537 1332 726 1378 effecerat,
748 1332 909 1369 domum
932 1330 1010 1370 mei
1033 1331 1158 1369 fratris
1180 1331 1420 1380 incenderat,

34 1402 203 1436 vastarat
222 1396 424 1443 Etruriam,
440 1396 584 1434 multos
604 1394 761 1432 sedibus
780 1407 828 1432 ac
846 1393 1008 1433 fortunis
1028 1394 1194 1433 eiecerat
1205 1409 1216 1443 3
1238 1393 1417 1442 instabat,

0 1455 2 1466 ἶ
34 1462 196 1511 urgebat
207 1473 220 1508 3
247 1472 385 1510 capere
407 1459 489 1498 eius
515 1458 726 1497 amentiam
754 1457 889 1496 civitas
919 1458 1033 1496 Italia
1057 1458 1282 1508 provinciae
1300 1471 1421 1509 regna

35 1537 118 1563 non
143 1530 348 1574 poterant:
380 1522 651 1561 incidebantur
675 1521 751 1559 iam
780 1521 889 1560 domi
916 1523 1021 1572 leges
1049 1535 1150 1572 quae
1177 1535 1250 1561 nos
1278 1522 1420 1563 nostris

36 1588 155 1628 servis
191 1586 417 1626 addicerent
429 1599 441 1634 3
483 1585 579 1623 nihil
622 1592 705 1624 erat
749 1585 975 1635 cuiusquam
1013 1587 1122 1635 quod
1159 1587 1319 1636 quidem
1355 1588 1420 1627 ille

36 1651 255 1692 adamasset
274 1651 381 1701 quod
410 1662 492 1688 non
520 1651 598 1688 hoc
625 1662 730 1688 anno
758 1662 870 1687 suum
897 1651 979 1688 fore
1007 1657 1168 1700 putaret.
1227 1652 1422 1692 obstabat
1439 1664 1488 1701 38

37 1716 120 1755 eius
145 1714 446 1766 cogitationibus
471 1726 588 1752 nemo
616 1720 767 1763 praeter
796 1713 1015 1753 Milonem:
1048 1714 1156 1752 illum
1186 1713 1324 1764 ipsum,
1355 1717 1423 1767 qui

37 1786 190 1830 poterat
218 1779 383 1825 obstare,
414 1790 519 1817 novo
550 1777 676 1816 reditu
707 1776 748 1815 in
777 1776 938 1826 gratiam
969 1778 1080 1827 quasi
1111 1778 1335 1818 devinctum
1367 1794 1426 1820 ar-

37 1843 251 1882 bitrabatur
262 1855 274 1890 3
312 1841 487 1880 Caesaris
517 1841 734 1890 potentiam
765 1854 874 1879 suam
904 1854 989 1880 esse
1020 1842 1202 1892 dicebat3
1231 1845 1425 1884 bonorum

71 1936 304 1968 Healone.1re-
331 1905 482 1943 animos
512 1904 553 1942 in
588 1917 678 1943 meo
714 1917 807 1943 casu
843 1912 1130 1956 contempserat
1144 1920 1156 1954 3
1188 1906 1289 1946 Milo
1325 1921 1425 1948 unus

38 1982 113 2010 pat,
136 1984 194 2002 was
209 1974 307 2018 ‚raised
334 1969 504 2018 urgebat.
563 1968 644 2006 Hic
669 1967 710 2006 di
731 1967 980 2015 immortales,
1004 1975 1047 2006 ut
1069 1981 1185 2018 supra
1209 1969 1300 2017 dixi,
1321 1984 1428 2010 men·

0 2001 306 2083 ᾷῖἒιῖζῗῐίᾞὲἶὲῗ
334 2040 414 2071 tem
442 2032 497 2070 illi
525 2031 678 2082 perdito
708 2044 755 2069 ac
783 2031 928 2069 furioso
959 2032 1149 2071 dederunt
1181 2040 1224 2072 ut
1252 2034 1343 2072 huic
1374 2036 1428 2073 fa-

39 2089 163 2121 fi⁰¹²³¹¹y’
189 2088 236 2114 ὼε
266 2088 309 2113 in‘
336 2103 440 2133 ceret
467 2094 636 2132 insidias.
677 2094 801 2132 Aliter
818 2094 942 2144 perire
960 2094 1079 2144 pestis
1094 2095 1159 2134 illa
1178 2110 1259 2135 non
1276 2098 1404 2148 potuit
1416 2113 1428 2147 3

40 2132 176 2154 strument
204 2126 235 2151 of
259 2134 310 2152 our

40 2165 252 2228 &3303ae
273 2208 310 2226 no
338 2172 550 2208 numquam
578 2158 686 2196 illurn
714 2171 774 2196 res
801 2158 958 2208 publica
986 2172 1057 2198 suo
1089 2159 1170 2199 iure
1204 2169 1306 2200 esset
1333 2164 1425 2203 ulta.

42 2239 116 2273 hope
144 2239 216 2264 from
253 2246 310 2269 any
335 2225 499 2262 Senatus
527 2224 644 2261 credo
671 2230 889 2272 praetorem
921 2236 1011 2261 eum
1043 2223 1428 2276 circumscripsisset:

1 2340 3 2342 q
43 2275 310 2346 ξεῦῐζζζξῗῖζζζζῗ
335 2300 386 2325 ne
422 2299 541 2337 quum
575 2288 726 2325 solebat
763 2287 922 2336 quidem
953 2287 993 2326 id
1030 2290 1168 2337 facere,
1201 2290 1242 2328 in
1277 2291 1428 2341 privato

42 2352 309 2422 ffitfffffocffi
335 2351 476 2390 eodem
511 2351 589 2389 hoc
617 2350 763 2400 aliquid
799 2352 1024 2400 profecerat.
1082 2354 1147 2391 An
1179 2356 1359 2394 consules
1388 2356 1428 2395 in
1447 2368 1497 2416 89

46 2426 310 2460 muneawould
336 2421 514 2465 praetore
533 2414 752 2454 coercendo
771 2415 888 2455 fortes
916 2414 1109 2456 fuissent?
1163 2416 1335 2457 Primum
1355 2419 1430 2459 Mi—
