1540 2488
485 34 568 73 ,Pro
599 35 642 72 73
669 33 802 73 Annio
827 34 985 74 Allilone.
1377 39 1421 77 17

25 104 28 151 l
50 121 316 156 mmmmm
340 110 579 150 mercenario
603 111 759 151 tribuno
779 110 911 162 plebei
937 109 1132 151 concitata
1142 125 1155 161 ς
1187 124 1304 161 quem
1326 111 1431 151 diem

49 162 313 228 fflutgzseffnge‘sg
339 175 414 223 ille,
434 187 551 225 quam
570 175 806 222 contionem,
828 188 927 225 quos
946 177 1143 223 clamores,
1163 174 1238 213 nisi
1258 175 1310 213 ad
1328 174 1433 225 cogi-

49 238 151 272 myra
164 238 261 264 ΗΘΜ·
338 246 460 279 tatum
488 239 636 278 facinus
660 240 947 289 adproperaret,
967 252 1181 289 numquam
1202 237 1429 288 reliquisset.

50 306 154 354 Ergo
188 303 243 342 illi
278 317 329 343 ne
366 316 482 342 causa
524 302 684 353 quidem
720 302 876 349 itinen's,
915 302 1032 341 etiam
1068 315 1186 341 causa
1220 301 1429 341 manendi:

49 367 192 408 Miloni
218 366 403 406 manendi
428 367 535 405 nulla
562 367 735 413 facultas,
763 366 932 405 exeundi
956 379 1038 405 non
1060 379 1178 405 causa
1205 367 1331 404 solum
1359 366 1431 404 sed

117 479 124 486 ⁸
338 430 452 469 etiam
472 430 682 468 necessitas
700 429 780 468 fuit.
839 430 946 478 Quid
959 432 977 468 ?
1004 429 1047 476 si,
1068 437 1110 468 ut
1129 429 1192 468 ille
1222 429 1334 468 scivit
1356 429 1431 467 Mi-

47 477 312 546 ιεῗὲιιοωηοζῗέ
338 497 467 535 Ionem
499 496 580 534 fore
612 508 661 534 eo
694 495 756 533 die
786 494 827 532 in
856 494 929 541 via,
960 495 1015 533 sic
1040 494 1223 534 Clodium
1253 493 1353 532 Milo
1378 506 1428 532 ne

18 569 19 573 ’
46 554 310 620 &gdathsschabg
336 559 519 609 suspicari
537 560 695 610 quidem
714 558 871 609 potuit?
901 558 1073 597 Primum
1092 571 1236 608 quaero
1252 557 1317 608 qui
1332 557 1428 596 scire
1446 558 1496 604 46

46 631 123 663 time,
142 639 193 657 nor
208 630 252 656 his
268 637 309 655 r*
335 623 531 674 potuerit?
558 623 664 672 quod
686 635 757 661 vos
782 622 887 661 idem
906 622 947 660 in
973 622 1114 662 Clodio
1145 634 1328 672 quaerere
1347 633 1430 660 non

46 669 311 740 fflnssssgffi}
336 685 508 736 potestis.
566 687 623 724 Ut
660 686 764 724 enim
800 685 998 723 neminem
1029 685 1147 724 alium
1173 685 1247 724 nisi
1277 687 1324 724 T.
1360 686 1431 723 Pa-

45 745 162 815 ggssm
175 743 312 807 „0322
338 750 470 798 tinam,
490 749 827 788 familiarissimum
842 762 966 797 suum,
984 757 1166 799 rogasset,
1188 750 1284 788 scire
1303 749 1430 799 potuit

14 853 15 856 ,
46 820 95 847 the
121 819 226 868 prefise
254 819 311 862 day
337 813 404 852 illo
440 813 526 863 ipso
563 813 627 851 die
664 812 829 851 Lanuvii
858 826 882 850 a
910 812 1099 851 dictatore
1133 814 1285 851 Milone
1316 814 1429 863 prodi

45 857 187 924 ssffss⁰⁵
211 856 311 883 ⁰ffi⁰¹³¹
337 875 531 914 flaminem
558 888 716 914 necesse
745 888 854 914 esse:
881 876 950 914 sed
976 882 1083 914 erant
1101 874 1281 925 permulti
1298 875 1363 913 alii
1381 888 1430 914 ex

338 939 478 990 quibus
510 938 551 977 id
586 938 766 977 facillime
802 938 899 977 scire
926 945 1069 988 posset,
1101 936 1255 990 [omnes
1282 937 1429 977 scilicet

46 1004 264 1058 Lanuvini}
320 1004 420 1043 Milo
440 1004 489 1042 de
509 1002 639 1042 Clodii
656 1002 781 1041 reditu
800 1003 906 1041 unde
932 1002 1122 1052 quaesivit
1136 1004 1154 1041 Ρ
1208 1002 1428 1051 Quaesierit

44 1081 162 1117 sane;
188 1067 318 1106 videte
346 1064 440 1114 quid
464 1063 576 1102 vobis
603 1062 749 1112 largiar.
806 1064 966 1101 Servum
988 1062 1116 1110 etiam,
1143 1071 1186 1102 ut
1214 1063 1263 1112 Q.
1293 1063 1427 1102 Arrius

44 1145 153 1172 meus
171 1130 317 1170 amicus
345 1128 452 1176 dixit,
474 1127 694 1177 corruperit.
753 1127 888 1177 Legite
918 1126 1139 1166 testimonia
1162 1128 1319 1166 testium
1345 1142 1429 1168 ves—

75 1221 147 1249 Tffis
179 1221 205 1248 is
235 1220 311 1254 plain
337 1200 493 1231 trorum.
552 1190 662 1229 Dixit
692 1192 737 1230 C.
771 1190 976 1230 Causinius
1007 1192 1131 1239 Soela,
1172 1194 1427 1238 Interamnas‚

43 1269 115 1304 effen
153 1259 224 1285 from
262 1258 309 1284 the
337 1255 651 1293 familiarissimus
675 1261 714 1293 et
740 1252 846 1293 idem
881 1267 1014 1293 comes
1046 1256 1088 1293 P.
1123 1256 1430 1303 Clodii‚—cuius

43 1296 239 1364 31ὲῖξὲςὲ
252 1296 313 1363 diff.
340 1320 416 1358 iam
441 1319 590 1369 pridem
611 1318 834 1357 testimonio
855 1319 1017 1357 Clodius
1036 1320 1175 1358 eadem
1194 1321 1290 1358 hora
1309 1322 1430 1359 Inter-

42 1375 114 1402 diu*
337 1395 475 1421 amnae
494 1383 616 1420 fuerat
639 1388 678 1420 et
701 1383 965 1429 Romae,—P.
998 1382 1182 1421 Clodium
1210 1382 1278 1421 illo
1304 1384 1367 1422 die
1389 1383 1431 1421 in

43 1449 200 1486 Albano
228 1458 452 1484 mansurum
478 1445 604 1493 fuisse,
628 1446 697 1483 sed
721 1444 850 1483 subito
874 1445 909 1483 ei
935 1458 1019 1484 esse
1042 1445 1263 1484 nuntiatum
1284 1447 1430 1496 Cyrum

0 1509 2 1546 ?
43 1511 295 1551 architectum
332 1522 415 1548 esse
451 1516 645 1547 mortuum
659 1522 671 1556 3
718 1508 848 1558 itaque
884 1516 1044 1558 repente
1083 1510 1254 1547 Romam
1292 1510 1432 1548 consti-

0 1588 5 1622 ι
43 1575 162 1616 tuisse
179 1574 382 1626 proficisci.
440 1573 550 1612 Dixit
574 1574 652 1612 hoc
677 1586 808 1611 comes
834 1572 927 1611 item
954 1574 996 1611 P.
1019 1568 1160 1620 Clodii,
1185 1574 1229 1612 C.
1253 1573 1427 1612 Clodius.

0 1640 27 1686 8
44 1639 198 1686 Videte,
235 1638 395 1684 iudices,
436 1644 606 1687 quantae
642 1650 702 1675 res
739 1636 798 1674 his
836 1636 1066 1674 testimoniis
1103 1636 1180 1674 sint
1215 1638 1426 1676 confectae.
1448 1651 1496 1689 47

46 1701 216 1741 Primum
236 1707 338 1739 certe
358 1699 541 1738 liberatur
561 1699 660 1738 Milo
684 1711 765 1737 non
789 1711 838 1736 eo
864 1698 1029 1737 consilio
1054 1700 1248 1748 profectus
1279 1713 1362 1739 esse
1387 1708 1430 1738 ut

44 1764 286 1807 insidiaretur
314 1763 355 1801 in
389 1763 453 1802 via
480 1762 647 1802 Clodio:
685 1762 841 1812 quippe,
873 1761 905 1801 si
940 1762 1005 1801 ille
1042 1764 1179 1802 obvius
1216 1763 1253 1803 ei
1280 1766 1429 1804 futurus

335 1827 496 1865 omnino
522 1839 602 1864 non
626 1833 715 1864 erat.
774 1826 1065 1865 Deinde—non
1093 1827 1197 1865 enim
1221 1828 1337 1867 video
1362 1841 1431 1867 cur

78 1900 92 1928 1
104 1900 175 1946 nfed
187 1904 237 1927 not
248 1904 312 1932 stay
337 1904 418 1929 non
436 1903 566 1929 meum
586 1903 743 1939 quoque
762 1903 876 1945 agam
888 1891 1256 1940 negotium—scitis,
1270 1891 1428 1939 iudices,

43 1939 315 2007 ζεξοῗέἀζΐοξζζ
341 1953 458 1991 fuisse
495 1952 562 2002 qui
597 1953 638 1991 in
674 1954 749 1991 hac
783 1953 985 2002 rogatione
1023 1954 1223 1992 suadenda
1258 1953 1433 1994 dicerent

43 2017 311 2088 ἓξωζῖὴὲῑξ
338 2016 499 2055 Milonis
527 2029 646 2054 manu
673 2018 835 2055 caedem
863 2030 947 2055 esse
975 2018 1127 2065 factam,
1149 2018 1312 2057 consilio
1339 2032 1431 2058 vero

12 2087 241 2126 jinthisaffair.
335 2080 490 2119 maioris
515 2080 700 2119 alicuius:
733 2094 797 2119 me
828 2081 1011 2120 videlicet
1041 2083 1232 2120 latronem
1260 2096 1308 2122 ac
1339 2083 1433 2122 sica-

336 2143 435 2182 rium
471 2143 615 2183 abiecti
650 2144 828 2183 homines
875 2151 914 2183 et
957 2145 1100 2194 perditi
1145 2147 1430 2186 describebant.

47 2208 184 2246 Iacent
209 2206 288 2246 suis
313 2207 487 2254 testibus,
508 2207 575 2257 qui
601 2208 784 2246 Clodium
812 2216 957 2258 negant
985 2223 1033 2248 eo
1064 2210 1127 2248 die
1156 2212 1338 2260 Romam,
1358 2211 1433 2250 nisi

47 2270 98 2310 de
125 2271 230 2320 Cyro
251 2270 435 2314 audisset,
454 2270 570 2309 fuisse
596 2271 820 2309 rediturum.
878 2273 1094 2322 Respiravi,
1115 2273 1298 2313 liberatus
1324 2287 1434 2323 sum;

46 2346 130 2373 non
164 2347 300 2374 vereor
326 2348 390 2382 ne,
422 2335 529 2385 quod
565 2348 616 2373 ne
654 2334 839 2385 suspicari
871 2336 1031 2386 quidem
1067 2337 1272 2387 potuerim,
1302 2337 1436 2378 videar

48 2397 91 2439 id
121 2397 323 2450 cogitasse.
382 2400 500 2437 Nunc
528 2411 739 2450 persequar
775 2407 912 2438 cetera.
970 2402 1076 2439 Nam
1111 2401 1277 2442 occurrit
1314 2401 1406 2441 illud
1426 2418 1434 2442 ε
1453 2406 1504 2450 48
