1540 2488
445 25 526 64 Pro
557 25 600 63 7:
627 24 759 63 Annio
783 23 937 62 Alilone.
1355 37 1404 74 33

102 124 222 158 enough.
258 124 287 151 1ae
314 105 420 146 diam
438 105 613 144 tribuatis
630 103 841 144 fortissimo
867 103 951 142 viro
979 115 1097 153 quam
1121 101 1205 153 ipse
1232 114 1314 141 non
1341 101 1410 140 im·

22 162 288 234 ἃζῃζιῗζὲξῧῖ
314 172 450 221 plorat,
480 182 554 220 ego
582 168 699 208 etiam
727 175 968 220 repugnante
995 168 1072 206 hoc
1105 174 1143 205 et
1174 166 1341 216 imploro
1369 174 1408 205 et

83 239 193 273 Pession
245 238 288 264 for
314 236 517 284 exposco?
581 232 726 280 Nolite,
762 232 796 271 si
835 233 877 270 in
919 239 1053 271 nostro
1096 231 1271 271 omnium
1313 232 1407 271 fletu

60 285 76 303 e
93 277 154 302 who
165 276 288 302 disdains
582 297 590 304 .
882 297 889 303 .
931 297 938 303 .
1045 297 1051 303 .
1126 296 1134 303 .
1219 296 1227 303 .

17 314 200 343 wukitfor
217 313 286 339 imn-
314 300 460 337 nullam
500 299 698 336 lacrimam
729 298 960 347 adspexistis
995 298 1167 344 Milonis,
1198 310 1231 335 si
1256 298 1406 336 vultum

22 352 83 383 ⁸⁸¹¹·
315 375 469 413 semper
495 362 675 409 eundem,
697 360 730 399 si
756 373 896 399 vocem
925 361 957 399 si
985 361 1202 399 orationem
1227 361 1406 400 stabilem

22 443 70 471 ac
86 443 167 470 non
185 436 372 468 mutatam
390 426 540 474 videtis,
560 427 637 464 hoc
654 425 782 463 minus
809 425 844 463 ei
874 438 1043 474 parcere.
1102 425 1226 463 Haud
1248 424 1331 463 scio
1355 437 1407 462 an

21 496 145 536 multo
176 493 293 533 etiam
325 491 374 531 sit
405 490 647 529 adiuvandus
676 489 821 539 magis:
856 488 1000 527 etenim
1033 488 1066 526 si
1097 487 1138 526 in
1165 488 1403 538 gladiatoriis

19 559 159 612 pugnis
179 565 218 598 et
235 558 276 596 in
297 556 419 595 infimi
443 556 593 606 generis
619 555 822 593 hominum
850 554 1078 593 conditione
1107 562 1225 603 atque
1253 555 1407 593 fortuna

20 625 178 666 timidos
204 631 321 673 atque
354 621 547 672 supplices
575 627 614 659 et
640 627 683 659 ut
710 620 839 659 vivere
866 620 981 659 liceat
1009 621 1259 658 obsecrantes
1288 619 1407 658 etiam

21 689 151 731 odisse
169 689 349 734 solemus,
369 687 486 724 fortes
512 691 630 734 atque
653 684 851 723 animosos
875 691 914 722 et
933 697 974 722 se
999 683 1140 722 acriter
1167 683 1273 733 ipsos
1291 683 1408 722 morti

20 755 227 794 offerentes
260 763 410 789 servare
436 749 623 799 cupimus,
653 761 865 798 eorumque
895 761 968 787 nos
993 747 1117 798 magis
1149 748 1306 787 miseret
1340 747 1407 797 qui

20 823 194 857 nostram
222 813 528 853 misericordiam
559 825 641 850 non
669 812 867 861 requirunt
896 825 1013 861 quam
1041 811 1108 861 qui
1134 811 1239 850 illam
1267 814 1408 864 efflagi-

243 921 249 927 ,
312 884 405 925 tant,
423 883 570 927 quanto
584 877 662 915 hoc
679 875 801 925 magis
820 876 860 914 in
880 876 1094 915 fortissimis
1114 877 1262 916 civibus
1280 880 1407 918 facere

20 923 208 990 ωέῐιὲιῗιιὲζὶ
221 921 287 986 liiii?
314 942 525 981 debemus!
593 942 663 978 Me
700 940 871 989 quidem,
910 939 1069 986 iudices,
1109 940 1332 980 exanimant
1368 948 1407 981 et
1427 959 1474 995 93

20 998 288 1068 fflnffiziffissge]
315 1004 539 1042 interimunt
557 1004 631 1041 hae
649 1015 766 1042 voces
791 1002 953 1040 Milonis
982 1014 1079 1051 quas
1107 1003 1225 1041 audio
1250 1004 1406 1043 assidue

21 1085 85 1104 ness
101 1081 130 1102 to
149 1075 227 1101 leave
245 1074 289 1099 his
315 1074 355 1106 et
382 1067 522 1117 quibus
554 1066 739 1105 intersum
777 1065 960 1116 quotidie.
1021 1067 1234 1114 ‘Valeant,’
1267 1067 1404 1118 inquit,

1 1111 286 1180 {mffiffi'v'ghss
314 1131 489 1168 ‘valeant
511 1130 615 1168 cives
640 1129 717 1168 mei
730 1143 741 1177 3
764 1128 840 1167 sint
861 1128 1087 1175 incolumes,
1109 1129 1186 1168 sint
1210 1130 1404 1179 florentes,

21 1190 146 1256 (εξ-ΞΜ
163 1196 288 1222 9¹⁰⁵Pef·
316 1193 392 1232 sint
436 1193 564 1241 beati3
609 1200 684 1232 stet
725 1194 824 1232 haec
865 1193 956 1230 urbs
1001 1194 1197 1242 praeclara
1233 1194 1406 1245 mihique

307 1257 431 1308 patria
449 1258 654 1304 carissima,
675 1270 835 1307 quoquo
860 1257 981 1295 modo
1007 1256 1078 1295 erit
1104 1257 1241 1296 merita
1260 1259 1310 1298 de
1329 1272 1406 1298 me.

21 1322 248 1373 Tranquilla
275 1336 316 1362 re
343 1324 500 1373 publica
525 1322 603 1362 mei
630 1322 744 1369 cives,
772 1322 958 1371 quoniam
982 1321 1077 1359 mihi
1102 1335 1192 1360 cum
1220 1323 1294 1362 illis
1325 1337 1407 1364 non

20 1385 122 1434 licet,
149 1386 231 1425 sine
263 1400 326 1425 me
357 1387 431 1436 ipsi
460 1387 530 1426 sed
563 1394 719 1436 propter
750 1399 814 1424 me
846 1393 980 1424 tamen
1008 1387 1261 1435 perfruantur.
1321 1390 1407 1439 Ego

21 1451 160 1489 cedam
178 1458 295 1500 atque
314 1450 442 1489 abibo.
500 1451 539 1489 Si
562 1450 655 1488 mihi
677 1452 783 1489 bona
804 1463 846 1488 re
868 1449 1024 1499 publica
1047 1450 1119 1488 frui
1141 1464 1223 1489 non
1244 1451 1405 1502 licuerit,

21 1522 61 1554 at
89 1515 229 1553 carebo
261 1515 374 1561 mala,
409 1521 447 1552 et
476 1526 593 1563 quam
624 1513 790 1563 primum
823 1514 984 1563 tetigero
1017 1514 1119 1551 bene
1149 1523 1339 1554 moratam
1369 1523 1408 1555 et

22 1618 154 1652 astho-‚gh
165 1618 201 1645 he
219 1628 284 1645 oen-
311 1578 472 1616 liberam
498 1578 705 1624 civitatem,
726 1577 767 1615 in
793 1590 840 1616 ea
865 1576 1150 1626 conquiescam.
1209 1580 1245 1618 O
1271 1580 1409 1618 frustra
1427 1597 1476 1633 94

21 1663 71 1684 not
98 1657 148 1683 but
173 1665 286 1689 express
314 1640 470 1693 (inquit)
491 1641 586 1679 mihi
613 1641 782 1691 suscepti
806 1642 984 1679 labores!
1019 1653 1043 1679 0
1072 1654 1160 1690 spes
1188 1643 1344 1681 fallaces
1371 1651 1409 1682 et

21 1694 288 1766 ffiinffiffitssffiffi
316 1703 573 1754 cogitationes
600 1704 735 1743 inanes
764 1706 898 1743 meae!
955 1704 1052 1753 Ego,
1083 1717 1203 1753 quum
1232 1706 1409 1746 tribunus

22 1771 173 1835 {⁵31⁸OEss
188 1770 286 1834 ⁵1¹·0uclld
313 1768 443 1818 plebei
466 1782 508 1807 re
532 1768 688 1818 publica
715 1781 901 1818 oppressa
929 1780 994 1806 me
1019 1768 1169 1807 senatui
1197 1770 1407 1829 dedissem,

101 1815 251 1841 usreqm‘e
275 1829 281 1835 “
312 1845 430 1881 quem
455 1832 684 1870 exstinctum
711 1845 964 1882 acceperam3
991 1831 1185 1880 equitibus
1205 1835 1408 1883 Romanis,

23 1908 187 1945 quorum
215 1894 314 1933 vires
345 1903 453 1934 erant
480 1896 652 1946 debiles;
686 1897 800 1935 bonis
829 1896 931 1943 viris,
962 1895 1029 1945 qui
1057 1909 1216 1936 omnem
1246 1899 1412 1938 auctori-

24 1967 143 2000 tatem
183 1959 384 1999 Clodianis
421 1961 536 1998 armis
572 1959 795 1998 abiecerant
808 1952 831 2008 3*
862 1960 958 1998 mihi
994 1973 1180 2009 umquam
1217 1962 1410 2001 bonorum

22 2023 256 2075 praesidium
274 2024 493 2062 defuturum
519 2031 695 2072 putarem
709 2027 727 2063 ?
782 2026 867 2074 Ego
896 2039 1016 2075 quum
1040 2033 1078 2064 te
1109 2024 1277 2076 (mecum
1307 2026 1411 2064 enim

23 2089 245 2139 saepissime
264 2088 446 2139 loquitur)
464 2088 609 2138 patriae
628 2088 896 2138 reddidissem,
918 2090 1013 2127 mihi
1033 2097 1210 2140 putarem
1228 2089 1270 2127 in
1288 2089 1412 2140 patria

22 2164 104 2191 non
147 2153 316 2191 futurum
351 2154 510 2192 locum?
583 2154 664 2192 Ubi
700 2166 806 2192 nunc
842 2161 999 2192 senatus
1036 2160 1095 2192 est
1132 2166 1250 2203 quem
1287 2154 1410 2193 secuti

23 2219 187 2256 sumus?
221 2217 290 2255 ubi
326 2216 475 2266 equites
504 2217 676 2256 Romani
702 2217 768 2265 illi,
797 2216 863 2266 illi,
892 2217 1028 2268 inquit,
1062 2217 1145 2256 tui?
1182 2218 1250 2257 ubi
1283 2218 1414 2258 studia

25 2279 348 2329 municipiorum?
383 2279 452 2319 ubi
489 2281 626 2320 Italiae
662 2283 812 2320 voces?
847 2282 915 2320 ubi
943 2281 1113 2331 denique
1146 2288 1212 2321 tua
1240 2281 1316 2327 illa,
1353 2284 1409 2322 M.

24 2343 141 2390 Tulli,
169 2354 270 2393 quae
295 2342 469 2393 plurimis
501 2343 572 2383 suit
601 2345 744 2384 auxilio
774 2359 852 2384 vox
883 2352 922 2384 et
951 2346 1160 2384 defensio?
1187 2345 1334 2386 mihine
1366 2358 1412 2386 ea

26 2405 109 2457 soli,
129 2405 196 2456 qui
214 2419 285 2456 pro
304 2413 343 2446 te
365 2407 507 2448 totiens
528 2410 644 2448 morti
669 2422 732 2449 me
760 2409 894 2459 obtuli,
918 2409 1013 2448 nihil
1038 2417 1169 2461 potest
1194 2409 1371 2462 opitulari
1379 2413 1411 2450 Ρ·
