1540 2488
164 63 210 98 14
663 51 724 88 M.
758 50 799 88 2!
834 49 1015 88 Ciceronis

162 144 271 170 suum
285 144 296 179 3
323 143 409 170 reus
433 129 535 169 enim
559 128 718 168 Milonis
734 130 822 180 lege
842 128 966 168 Plotia
982 128 1053 167 suit
1072 128 1242 177 Clodius,
1263 129 1392 179 quoad
1409 128 1512 172 vixit.
1528 107 1540 185 i

163 195 253 243 Quo
271 194 428 232 tandem
445 191 574 230 animo
592 192 668 230 hoc
686 198 886 241 tyrannum
912 191 1017 230 illum
1041 191 1171 230 tulisse
1194 191 1373 231 creditis?
1398 204 1517 242 quan-

161 264 243 295 tum
273 256 405 294 odium
434 254 532 292 illius
561 260 599 292 et
634 253 674 291 in
709 253 865 292 homine
899 253 1039 292 iniusto
1075 266 1190 303 quam
1225 253 1340 292 etiam
1374 252 1517 294 iustum‘

161 319 275 358 fuisse
289 320 306 356 ?

89 391 146 435 14
230 415 355 442 second
499 378 706 428 Reliquum
733 385 853 417 estut
884 377 958 416 iam
988 378 1093 416 illum
1121 385 1255 417 natura
1282 378 1399 428 ipsius
1427 390 1518 419 con-

195 459 387 493 Argument.
448 442 687 490 suetudoque
729 441 920 487 defendat,
958 441 1059 478 hunc
1092 448 1220 479 autem
1253 441 1350 480 haec
1380 437 1518 494 eademJ

205 508 255 535 Ch
273 495 375 540 14416-
449 510 637 552 coarguat.
678 506 688 523 ‘
700 502 806 540 Nihil
823 515 891 552 per
907 501 984 540 vim
1002 515 1183 552 umquam
1203 502 1373 550 Clodius,
1388 499 1518 545 omnin’

162 554 217 615 117²?
227 545 424 608 αῗιῖωἷιῖῗζῖῗ
449 579 518 616 per
543 566 620 605 vim
650 565 771 604 Milo!
826 565 958 613 Quid?
987 579 1069 615 ego,
1096 565 1255 612 iudices,
1278 577 1395 614 quum
1417 564 1540 610 moe&

163 622 209 645 “r
233 619 269 652 ‘ff
293 620 339 645 Μ’
366 622 421 645 ‘²⁰⁰
446 630 616 669 rentibus
642 629 751 668 vobis
775 630 868 667 urbe
890 628 997 675 cessi,
1026 628 1257 667 iudiciumne
1278 628 1414 667 timui?
1437 633 1517 668 non

162 665 234 682 men.
270 657 330 682 The
338 657 384 683 life
393 657 424 683 os

161 694 422 764 353⁵&ssbeAE
448 704 588 739 servos,
614 704 695 730 non
716 703 830 738 arma,
858 703 939 728 non
965 690 1070 728 vim?
1124 692 1233 739 Quae
1255 690 1385 729 fuisset
1407 690 1517 740 igitur

161 768 279 800 inuigue
296 769 351 795 aad
368 769 423 795 vio-
448 761 546 793 msta
572 767 687 792 causa
709 753 932 792 restituendi
950 753 1036 800 mei,
1056 753 1129 791 nisi
1153 753 1282 792 suisset
1300 753 1438 792 iniusta
1454 753 1531 793 eii-v

160 805 246 832 ωηο·
449 818 604 857 ciendi?
657 817 771 855 Diem
789 816 892 864 mihi,
913 818 1040 864 credo,
1060 816 1205 856 dixerat
1216 830 1228 864 3
1245 818 1403 855 multam
1420 817 1517 857 inro-

161 887 292 930 garat3
319 880 509 919 actionem
537 878 806 930 perduellionis
828 878 1042 917 intenderat
1054 893 1066 927 3
1094 885 1131 917 et
1157 878 1251 916 mihi
1274 878 1451 918 videlicet
1477 878 1517 919 in'

162 956 277 982 causa
302 950 368 982 aut
394 945 494 981 mala
516 950 582 981 aut
608 955 704 989 mea,
724 954 804 981 non
831 948 869 980 et
890 940 1188 991 praeclarissima
1210 948 1249 980 et
1269 948 1404 989 vestra,
1423 940 1517 980 iudi·

161 1006 262 1044 cium
289 1006 501 1044 timendum
529 1005 609 1044 suit.
665 1006 866 1043 Servorum
902 1011 940 1043 et
975 1004 1167 1054 egentium
1194 1004 1334 1043 civium
1362 1012 1401 1044 et
1430 1003 1528 1044 faci·v

159 1081 386 1108 norosorum
404 1068 517 1107 armis
543 1081 652 1107 meos
676 1067 789 1115 cives,
808 1067 903 1106 meis
925 1068 1091 1107 consiliis
1118 1067 1369 1118 periculisque
1395 1081 1532 1107 serva-v

160 1139 231 1180 toS,
251 1145 322 1182 pro
344 1144 407 1170 me
432 1131 535 1171 obici
558 1131 676 1170 nolui,
731 1130 823 1170 Vidi
844 1131 946 1170 enim
969 1131 1048 1170 vidi
1069 1133 1172 1170 hunc
1198 1132 1322 1181 ipsum
1341 1133 1389 1180 Q.
1418 1133 1517 1170 Hor-

161 1195 336 1243 tensium,
365 1197 495 1234 lumen
523 1202 561 1233 et
597 1201 863 1233 ornamentum
893 1194 948 1232 rei
983 1194 1169 1244 publicae,
1200 1207 1323 1244 paene
1359 1191 1540 1257 interfiei{

161 1271 354 1298 servorum
375 1271 501 1306 manu,
526 1270 644 1307 quum
671 1257 764 1294 mihi
785 1257 937 1295 adesset
955 1271 963 1295 ε
991 1269 1067 1306 qua
1083 1256 1123 1294 in
1137 1258 1247 1295 turba
1265 1258 1310 1296 C.
1329 1255 1540 1319 Vibienuq¹

160 1328 323 1368 senator,
343 1321 399 1360 vir
418 1319 596 1370 optimus,
617 1332 705 1357 cum
723 1320 799 1358 hoc
824 1332 942 1369 quum
961 1326 1061 1358 esset
1079 1332 1164 1366 una,
1185 1319 1238 1357 ita
1257 1326 1313 1357 est
1331 1320 1540 1368 mulcatus?

160 1392 202 1424 ut
219 1384 336 1423 vitam
355 1381 531 1421 amiserit.
589 1383 726 1431 Itaque
745 1382 902 1431 quando
927 1381 1026 1419 illius
1044 1389 1178 1431 postea
1202 1381 1281 1420 sica
1306 1381 1379 1429 illa,
1401 1369 1537 1431 quam}

160 1461 185 1486 a
212 1446 378 1487 Catilina
403 1451 615 1495 acceperat,
640 1443 888 1494 conquievit?
942 1445 1055 1482 Haec
1081 1443 1274 1487 intentata
1291 1443 1403 1482 nobis
1435 1436 1538 1502 esu}

160 1510 250 1549 huic
277 1522 349 1559 ego
375 1522 445 1547 vos
475 1507 577 1546 obici
607 1520 677 1557 pro
709 1519 771 1546 me
798 1519 879 1545 non
911 1519 995 1544 sum
1022 1519 1182 1556 passus3
1217 1507 1313 1544 haec
1340 1504 1537 1551 insidiam}

161 1572 349 1622 Pompeio
374 1578 431 1610 est
443 1586 454 1620 3
480 1572 577 1609 haec
603 1570 715 1608 istam
741 1569 919 1620 Appiam,
938 1577 1228 1608 monumentum
1255 1568 1314 1607 sui
1338 1559 1537 1630 nominis}

159 1649 255 1675 nece
276 1634 415 1685 Papirii
433 1633 643 1672 cruentavit
656 1649 668 1682 3
690 1634 786 1671 haee
813 1634 949 1671 eadem
969 1634 1086 1682 longo
1111 1632 1308 1670 intervallo
1333 1634 1540 1687 conversa}

160 1711 286 1737 rursus
304 1705 363 1737 est
380 1697 419 1735 in
438 1710 500 1735 me
514 1712 525 1746 3
552 1708 674 1746 nuper
695 1695 862 1746 quidem,
881 1702 924 1734 ut
942 1695 1054 1743 scitis,
1075 1708 1138 1733 me
1164 1696 1214 1734 ad
1232 1694 1374 1744 regiam
1391 1707 1515 1745 paene
1528 1691 1540 1748 ἶζ

446 1758 622 1797 confecit.
678 1757 783 1806 Quid
805 1757 927 1796 simile
959 1757 1149 1796 Milonis?
1179 1757 1286 1796 cuius
1307 1756 1364 1796 vis
1387 1757 1513 1797 omnis
1527 1770 1540 1812 ᾗς

158 1813 420 1884 Πῖξὶζζςὼξξζὲῗ
447 1822 543 1859 haec
561 1833 711 1870 semper
728 1820 808 1868 fuit,
827 1833 876 1858 ne
905 1821 945 1858 P.
967 1818 1126 1859 Clodius
1144 1832 1262 1868 quum
1279 1819 1319 1857 in
1337 1814 1540 1875 iudiciumg

160 1894 245 1921 trarv-
260 1888 324 1932 ‚has
352 1888 421 1913 been
448 1883 595 1922 detrahi
612 1895 690 1921 non
710 1890 851 1932 posset,
864 1882 901 1920 vi
916 1894 1135 1932 oppressam
1150 1881 1341 1920 civitatem
1358 1888 1514 1922 teneret
1527 1887 1540 1932 13

160 1932 421 1996 ῗιῗέῃῖὴζῃοῗῖῙ-Ξῗῖζ
448 1948 574 1995 Quem
593 1946 625 1984 si
643 1946 851 1984 interficere
869 1945 1060 1993 voluisset,
1079 1952 1245 1994 quantae
1262 1944 1439 1994 quotiens
1455 1937 1540 1984 σει-ἑ

161 2002 203 2064 ζξδ
214 1998 422 2064 gfflssfesfnd
449 2008 633 2055 casiones,
648 2020 762 2058 quam
774 2009 988 2057 praeclarae
1002 2009 1161 2046 fuerunt.
1194 2007 1383 2054 Potuitne,
1398 2019 1540 2103 quum]

446 2074 604 2111 domurn
628 2084 675 2110 ac
697 2072 791 2110 deos
819 2078 977 2121 penates
995 2083 1084 2109 suos
1102 2070 1168 2125 illo
1191 2077 1436 2120 oppugnante
1453 2071 1540 2136 de·¹

162 2137 345 2183 tenderet,
374 2135 453 2174 iure
476 2148 517 2174 se
539 2134 700 2173 ulcisci?
731 2133 916 2184 potuitne,
945 2133 1019 2171 civi
1047 2133 1198 2183 egrer
1225 2141 1264 2172 et
1289 2133 1371 2173 viro
1398 2133 1538 2174 fortis-²

162 2200 270 2247 simo,
293 2201 334 2237 P.
361 2198 495 2244 Sestio,
516 2198 663 2246 collega
683 2209 764 2243 suo,
790 2197 1017 2234 vulnerato?
1042 2196 1228 2246 potuitne,
1257 2197 1305 2244 Q.
1330 2196 1526 2247 Fabricio,.

162 2264 243 2303 viro
271 2262 430 2312 optimo,
457 2273 575 2310 quum
603 2260 652 2298 de
678 2259 803 2298 reditu
829 2272 917 2298 meo
944 2261 1069 2309 legem
1096 2260 1218 2306 ferret,
1236 2260 1358 2308 pulso,
1387 2260 1525 2313 crude-⁸

162 2325 306 2366 lissima
339 2325 380 2364 in
414 2326 498 2364 soro
525 2325 644 2363 caede
679 2325 807 2362 sacta?
841 2322 1026 2373 potuitne,
1056 2324 1100 2362 L.
1129 2321 1297 2369 Caecilii,
1324 2321 1526 2361 iustissimi·

163 2389 431 2439 fortissimique
465 2388 659 2440 praetoris,
697 2394 917 2439 oppugnata
951 2387 1098 2426 domo?
1136 2385 1311 2436 potuitne
1353 2385 1420 2426 illo
1452 2384 1517 2426 die
