1540 2488
156 38 203 75 28
653 37 714 77 M.
749 39 790 77 21
826 37 1005 78 caterona:

152 125 284 151 eorum
319 125 388 152 vos
423 111 568 152 visuros
600 113 724 153 fuisse.
780 116 830 153 In
864 128 974 166 spem
1008 115 1212 156 maximam
1230 123 1279 167 et,
1311 129 1428 168 quem
1474 123 1480 131 ⁸

151 175 310 213 modum
329 176 494 223 confido,
510 176 743 216 verissimam
763 190 892 217 sumus
909 178 1078 227 adducti,
1093 179 1196 218 hunc
1209 179 1334 230 ipsum
1350 193 1430 220 ann
1485 185 1488 187 ’

150 237 226 275 hoc
254 236 339 287 ipso
375 251 526 277 summo
561 239 643 278 viro
671 241 839 288 consule,
868 253 1087 291 compressa
1113 243 1312 283 hominum
1341 244 1442 286 licen

150 298 423 350 cupiditatibus
452 303 588 350 fractis,
618 303 765 353 legibus
797 311 836 343 et
871 305 1019 344 iudiciis
1051 306 1277 354 constitutis,
1306 308 1386 347 salu

152 362 294 401 civitati
325 364 415 403 fore.
472 367 577 435 Num
606 367 692 416 quis
721 367 832 417 igitur
860 375 918 407 est
949 375 1028 407 tam
1060 370 1220 408 demens
1257 371 1323 420 qui
1350 372 1427 411 hoc
1486 408 1488 411 ,
1514 419 1516 421 ‚

76 560 134 604 29
153 553 210 591 ius
245 562 452 603 perpetuae
488 557 740 604 possessionis
775 554 938 598 habere
933 558 1188 608 potuissent?
1252 561 1344 599 Non
1379 560 1506 614 timeq

152 615 308 665 iudices,
338 630 387 656 ne
415 619 506 658 odio
538 619 817 659 inimicitiarum
841 634 1011 660 mearum
1036 621 1303 671 inflammatus,
1332 622 1507 670 libentiui

152 683 249 720 haec
274 682 313 720 in
342 682 447 721 illum
475 695 651 722 evomere
677 682 808 722 videar
834 697 949 733 quarn
970 683 1118 724 verius:
1150 685 1292 724 etenim
1315 685 1347 725 si
1370 684 1516 739 praed.

153 757 271 794 puum
304 758 387 783 esse
423 745 600 793 debebat,
631 753 761 784 tamen
796 746 850 785 ita
885 747 1098 786 communis
1127 755 1207 787 erat
1241 748 1413 788 omnium
1447 749 1516 793 ille*

153 808 285 856 hostis,
309 816 351 846 ut
373 808 412 846 in
434 808 629 846 communi
653 809 744 848 odio
773 822 896 859 paene
918 811 1126 860 aequaliter
1149 819 1359 850 versaretur
1378 812 1520 867 odium*

154 884 293 910 meum.
349 873 442 910 Non
471 878 598 921 potest
626 872 702 911 dici
731 873 832 920 satis,
863 886 913 912 ne
944 873 1100 923 cogitari
1129 873 1295 924 quidem,
1326 881 1507 924 quantum

153 934 191 972 in
216 933 282 973 illo
304 934 467 980 sceleris,
488 941 672 984 quantum
697 935 800 974 exitii
823 935 944 974 fuerit.
1001 937 1105 985 Quin
1128 936 1182 976 sic
1199 937 1396 985 attendite,
1415 937 1508 978 iudi·

438 1010 513 1036 ces.
569 999 721 1047 Nempe
755 999 851 1037 haec
884 1007 942 1038 est
977 1000 1150 1049 quaestio
1193 1002 1243 1040 de
1277 1001 1430 1042 interitu
1465 1003 1506 1043 Ρ.

153 1039 414 1103 κεέςιγνῗῑῗῖιγψῖιιὲι
441 1059 578 1099 Clodii.
636 1061 784 1110 Fingite
803 1060 939 1100 animis
957 1062 1112 1110 (liberae
1135 1070 1222 1102 sunt
1240 1064 1341 1103 enim
1358 1072 1509 1106 nostrae

154 1114 319 1177 sjgffiffisee
351 1121 414 1176 gf:
441 1121 691 1171 cogitationes
721 1130 759 1161 et
794 1135 893 1172 quae
923 1125 1057 1163 volunt
1088 1125 1143 1163 sic
1174 1125 1366 1166 intuentur
1393 1134 1449 1167 ut

152 1187 215 1252 ¹eliis-1⁵²
242 1187 364 1214 restored
386 1192 414 1213 ω
441 1185 630 1223 cernimus
655 1198 753 1234 quae
774 1186 963 1237 videmus)
992 1187 1122 1237 fingite
1145 1187 1257 1238 igitur
1279 1189 1511 1239 cogitatione

184 1233 215 1251 ⁶
440 1247 645 1298 imaginem
672 1248 783 1287 huius
804 1249 1036 1289 conditionis
1062 1263 1183 1298 meae,
1204 1251 1236 1290 si
1263 1251 1408 1302 possim
1434 1253 1509 1294 effi·

153 1321 239 1348 cere
261 1316 303 1348 ut
333 1309 522 1348 Milonem
550 1311 767 1359 absolvatis,
796 1312 865 1351 sed
889 1313 953 1360 ita,
983 1313 1014 1351 si
1038 1315 1077 1351 P.
1103 1314 1262 1353 Clodius
1285 1314 1509 1355 revixerit-⁴

153 1372 246 1422 quid
271 1372 377 1410 vultu
401 1372 654 1412 extimuistis?
681 1386 849 1424 quonam
872 1376 991 1414 modo
1013 1376 1077 1415 ille
1098 1389 1167 1415 vos
1188 1376 1304 1416 vivus‘
1319 1378 1507 1426 adficeret,

153 1446 250 1484 quos
278 1441 447 1473 mortuus
474 1435 577 1473 inani
599 1436 830 1486 cogitatione
854 1438 1065 1486 percussit?
1118 1438 1250 1487 Quid?
1278 1439 1311 1478 si
1332 1439 1414 1490 ipse
1436 1441 1521 1480 Cn.⁴

154 1497 479 1547 Pompeius—qui
498 1511 543 1536 ea
561 1499 697 1537 virtute
715 1512 762 1538 ac
788 1500 939 1538 fortuna
958 1508 1015 1539 est
1034 1508 1075 1540 ut
1097 1514 1143 1540 ea
1169 1502 1335 1551 potuerit
1361 1515 1509 1552 semper

153 1573 252 1610 quae
282 1574 397 1600 nemo
421 1569 570 1611 praeter
600 1561 791 1601 illum—si
819 1563 851 1602 is
882 1563 1039 1613 inquam
1064 1564 1250 1613 potuisset
1277 1572 1343 1604 aut
1378 1577 1508 1616 quaes-

151 1625 296 1664 tionem
315 1626 365 1664 de
383 1633 505 1663 morte
526 1626 577 1666 P..
595 1625 723 1664 Clodii
746 1627 842 1665 ferre
868 1633 934 1664 aut
955 1626 1079 1675 ipsum
1101 1628 1151 1666 ab
1177 1626 1303 1666 inferis
1329 1628 1505 1678 excitare,

150 1695 276 1727 utrum
303 1688 443 1738 putatis
471 1689 597 1738 potius
625 1689 809 1727 facturum
831 1690 976 1728 fuisse?
1030 1690 1155 1728 Etiam
1182 1690 1214 1729 si
1241 1699 1395 1741 propter
1419 1692 1509 1732 arni·

151 1751 278 1790 citiam
309 1752 424 1790 vellet
452 1750 558 1788 illum
587 1752 637 1790 ab
667 1752 794 1791 inferis
823 1766 994 1799 avocare,
1018 1761 1175 1803 propter
1205 1766 1286 1792 rem
1317 1754 1508 1804 publicam

151 1826 228 1852 non
257 1813 418 1853 fecisset.
476 1814 567 1853 Eius
594 1814 705 1865 igitur
731 1816 863 1854 mortis
895 1816 1036 1855 sedetis
1066 1818 1219 1863 ultores,
1253 1818 1359 1856 cuius
1392 1818 1507 1857 vitam

151 1876 183 1914 si
207 1876 441 1927 putetis-per
467 1891 536 1916 vos
563 1878 708 1917 restitui
735 1880 1013 1928 possesnolitis
1026 1894 1038 1927 ς
1066 1887 1104 1919 et
1127 1882 1176 1920 de
1205 1881 1284 1920 eius
1311 1894 1408 1921 nece
1435 1883 1523 1922 lata*

153 1941 326 1991 quaestio
354 1949 422 1989 est,
454 1941 519 1991 qui
549 1942 579 1980 si
616 1943 752 1981 eadem
789 1943 873 1993 lege
905 1934 1126 1982 reviviscere
1162 1953 1303 1994 posset,
1336 1946 1414 1984 lata
1449 1945 1521 1996 lexl

153 2018 361 2055 numquam
380 2012 491 2045 esset.
548 2006 675 2045 Huius
694 2019 785 2056 ergo
807 2006 1024 2046 interfector
1048 2006 1079 2045 si
1098 2014 1208 2054 esset,
1229 2007 1268 2046 in
1290 2005 1526 2048 confitendo

152 2103 207 2129 and
225 2103 342 2129 emulare
365 2103 412 2129 the
438 2067 517 2107 ab
508 2067 601 2106 iisne
620 2081 785 2117 poenam
805 2068 953 2107 timeret
967 2081 1063 2118 quos
1077 2069 1338 2109 liberavisset?
1373 2069 1511 2110 Graeci

153 2141 290 2172 gratitude
299 2140 411 2167 osthose
439 2131 615 2170 homines
650 2132 808 2170 deorum
844 2132 1010 2170 honores
1045 2131 1214 2170 tribuunt
1249 2130 1295 2170 iis
1329 2130 1417 2171 viris
1444 2132 1522 2182 quir

155 2177 412 2248 ghss'gksuissd‘ffi
439 2201 618 2243 tyrannos
654 2195 893 2233 necaverunt.
963 2195 1075 2243 Quae
1114 2206 1187 2244 ego
1221 2193 1300 2232 vidi
1332 2194 1508 2244 Athenis,
1518 2204 1525 2234 ’.

153 2252 416 2315 gzoezssffffoegg
442 2267 540 2304 quae
565 2254 647 2293 aliis
674 2254 713 2292 in
740 2254 896 2294 urbibus
923 2254 1129 2294 Graeciae!
1155 2267 1250 2304 quas
1276 2267 1336 2294 res
1364 2254 1512 2296 divinas
1525 2270 1529 2281 ··

154 2325 227 2352 ‘heir
253 2326 317 2353 land
345 2326 415 2353 from
442 2319 580 2358 talibus
599 2318 787 2357 institutas
806 2317 904 2364 viris,
924 2331 1022 2370 quos
1040 2326 1184 2366 cantus,
1204 2330 1303 2368 quae
1320 2318 1512 2359 carminat

143 2369 279 2410 -Ὗωῃγ
440 2393 559 2432 prope
586 2382 637 2421 ad
664 2380 955 2421 immortalitatis
987 2387 1026 2421 et
1051 2380 1275 2434 religionem
1301 2388 1342 2421 et
1370 2392 1515 2422 memo·
