1540 2488
507 45 588 85 Pro
619 44 661 84 Τ.
690 42 822 82 Annio
848 39 1005 80 Mlone.
1427 45 1451 82 3

100 161 130 189 N
190 160 209 187 h
229 165 241 187 t
256 161 271 187 Ι
289 160 298 168 ,
318 172 331 179 ·
357 122 608 174 fringendam.
667 122 918 170 Quamquam
946 119 988 158 in
1023 119 1098 157 hac
1130 131 1256 166 causa,
1292 115 1450 165 iudices,
1471 122 1494 158 6

67 167 191 226 nummu>t
204 170 262 225 ast
283 170 332 231 rii}
358 190 404 227 Τ.
426 186 544 225 Annii
573 186 769 225 tribunatu
800 185 994 233 rebusque
1022 182 1205 222 omnibus
1232 195 1303 232 pro
1331 183 1454 220 salute

68 238 183 302 ξζίεζξξ
198 237 331 308 ἕξειᾞιζ
358 250 413 290 rei
439 249 619 300 publicae
645 247 762 299 gestis
781 248 832 286 ad
858 248 973 286 huius
995 245 1164 285 criminis
1185 245 1455 285 defensionem

66 314 330 378 ζῑυεξὶὲοέξξέιῗὲξ
358 327 439 353 non
466 315 678 352 abutemur.
736 311 823 350 Nisi
845 311 968 350 oculis
992 310 1164 350 videritis
1191 309 1350 349 insidias
1380 310 1455 349 Mi-

66 389 212 433 eqtprooss
223 389 255 415 of
267 389 330 432 5:¹0-
356 380 487 419 loni-a
515 378 657 418 Clodio
686 378 818 425 factas,
852 390 927 416 nec
963 375 1205 427 deprecaturi
1241 389 1374 415 sumus
1409 384 1454 415 ut

65 427 329 498 ἓὲιζῗξῗζῑξῗέἕω
356 445 503 483 crimen
526 444 604 482 hoc
627 442 742 481 nobis
766 442 888 479 multa
918 448 1076 491 propter
1097 442 1294 491 praeclara
1311 440 1354 479 in
1370 454 1452 479 rem

354 507 550 558 publicam
569 505 706 545 merita
724 504 967 551 condonetis,
993 517 1068 543 nec
1092 504 1322 554 postulaturi
1346 511 1401 553 ut,
1422 503 1455 543 si

63 588 168 615 mors
190 577 232 614 P.
255 572 385 614 Clodii
409 573 511 611 salus
541 577 669 612 vestra
694 569 817 617 fuerit,
847 569 993 608 idcirco
1021 582 1108 607 eam
1135 569 1264 607 virtuti
1292 569 1454 608 Milonis

63 639 193 690 potius
223 651 340 688 quam
371 635 507 687 populi
536 634 707 673 Romani
736 633 909 672 felicitati
938 632 1172 683 adsignetis:
1200 633 1270 672 sed
1298 632 1330 671 si
1353 633 1453 672 illius

63 702 226 742 insidiae
254 701 433 740 clariores
461 701 535 738 hac
564 701 651 738 luce
680 698 831 745 fuerint,
856 705 938 736 tum
958 697 1130 747 denique
1151 699 1367 736 obsecrabo
1387 699 1454 737 ob-

62 767 311 815 testaborque
329 778 409 811 vos,
430 763 587 811 iudices,
620 762 653 801 si
686 769 815 801 cetera
840 761 1048 808 amisimus,
1076 762 1153 800 hoc
1178 763 1315 800 saltem
1337 761 1452 800 nobis

14 854 15 859 =
61 837 104 869 ut
121 829 368 880 relinquatur,
389 830 439 867 ab
458 827 702 866 inimicorum
721 826 886 865 audacia
904 825 1069 875 telisque
1088 825 1208 864 vitam
1227 832 1269 863 ut
1291 825 1451 875 impune

62 894 177 933 liceat
195 894 415 933 defendere.

17 982 44 1029 3
103 973 288 1007 obJecuons
410 956 487 995 Sed
505 963 714 1005 antequam
733 955 785 994 ad
804 968 890 993 eam
910 954 1125 993 orationem
1141 953 1257 992 venio
1274 967 1375 1004 quae
1391 960 1450 991 est
1470 967 1489 1003 7

107 1018 280 1045 answered.
353 1020 508 1071 propria
525 1027 676 1058 vestrae
696 1018 945 1069 quaestionis,
966 1018 1146 1057 videntur
1170 1032 1216 1058 ea
1242 1032 1326 1058 esse
1353 1020 1452 1057 refu-

11 1085 35 1131 ‘L
63 1067 222 1132 Ηξξῑῇἓξ
250 1068 327 1132 {fg}
357 1084 477 1122 tanda
502 1096 601 1133 quae
628 1090 667 1121 et
694 1083 735 1121 in
760 1090 897 1121 senatu
916 1084 966 1121 ab
986 1082 1152 1121 inimicis
1172 1096 1289 1132 saepe
1308 1082 1451 1121 iactata

10 1199 11 1202 Ἴ
63 1145 325 1215 ξιξὲνζεζῑξζῃηῗὲ]
354 1154 443 1186 sunt
475 1155 514 1186 et
545 1147 586 1185 in
616 1147 800 1186 contione
832 1149 883 1186 ab
912 1147 1099 1197 improbis
1137 1155 1176 1187 et
1212 1149 1330 1197 paulo
1359 1156 1451 1187 ante

46 1211 188 1253 'ieonum
352 1213 403 1250 ab
443 1211 742 1259 accusatoribus,
787 1218 831 1249 ut
868 1211 976 1250 omni
1015 1224 1141 1250 errore
1178 1213 1332 1250 sublato
1368 1226 1451 1251 rem

62 1276 178 1325 plane
197 1288 297 1326 quae
315 1274 445 1313 veniat
470 1274 510 1312 in
535 1274 721 1313 iudicium
747 1274 879 1314 videre
903 1274 1069 1325 possitis.
1129 1277 1286 1325 Negant
1310 1275 1450 1315 intueri

61 1340 188 1378 lucem
216 1352 300 1378 esse
335 1340 392 1378 fas
429 1339 465 1378 ei
503 1339 569 1389 qui
606 1352 630 1377 a
662 1352 703 1377 se
731 1338 930 1377 hominem
959 1338 1131 1377 occisum
1160 1352 1244 1377 esse
1271 1340 1446 1378 fateatur.

95 1431 160 1464 Obj·
187 1441 210 1457 Ι,
247 1431 275 1457 It
301 1431 324 1457 is
352 1406 401 1442 In
429 1417 507 1454 qua
531 1405 691 1443 tandem
714 1405 809 1443 urbe
832 1405 909 1442 hoc
931 1403 1110 1442 homines
1138 1403 1351 1442 stultissimi
1374 1405 1449 1444 dis-

61 1469 252 1533 sagdtlgtdm
272 1478 325 1532 osee
352 1470 519 1517 putant?
546 1480 688 1517 nempe
717 1467 756 1505 in
785 1480 832 1506 ea
859 1480 959 1517 quae
987 1466 1154 1517 primum
1181 1466 1368 1506 iudicium
1397 1469 1447 1507 de

60 1516 90 1571 ζ
105 1516 326 1571 ῗιξιηῗοῐὲῗᾏεῗ
353 1531 480 1581 capite
511 1530 608 1569 vidit
642 1533 697 1569 M.
730 1531 886 1570 Horatii
918 1531 1113 1570 fortissimi
1130 1531 1211 1579 viri,
1247 1532 1313 1582 qui
1353 1545 1449 1571 non-

59 1588 192 1608 ⁵⁶¹v⁶⁵t⁰
203 1583 265 1608 five·
349 1593 443 1631 dum
470 1593 591 1632 libera
618 1593 773 1632 civitate
802 1600 932 1632 tamen
960 1593 1096 1644 populi
1124 1594 1296 1633 Romani
1329 1595 1448 1634 comi-

61 1654 122 1694 tiis
148 1655 329 1695 liberatus
366 1663 436 1701 est,
473 1670 594 1707 quum
630 1670 700 1695 sua
735 1671 854 1695 manu
887 1670 1059 1696 sororem
1094 1671 1178 1696 esse
1206 1657 1447 1698 interfectam

26 1746 35 1764 ;
93 1755 149 1783 Yet
170 1756 193 1783 it
209 1756 260 1784 has
283 1757 324 1783 al-
351 1721 541 1759 fateretur.
608 1722 673 1758 An
716 1728 774 1759 est
818 1720 1023 1770 quisquam
1067 1720 1133 1770 qui
1169 1721 1246 1760 hoc
1283 1721 1444 1772 ignoret,
1465 1731 1488 1766 8

60 1802 139 1826 ways
160 1794 230 1821 been
258 1795 324 1821 held
352 1797 472 1834 quum
512 1786 561 1824 de
599 1784 759 1823 homine
797 1784 928 1823 occiso
957 1792 1172 1834 quaeratur,
1212 1792 1279 1824 aut
1315 1785 1447 1835 negari

0 1867 5 1893 ’ς
59 1831 324 1898 ss‘sshfflessg}
350 1849 473 1887 solere
493 1848 654 1887 omnino
674 1861 758 1887 esse
776 1849 932 1895 factum,
953 1854 1019 1885 aut
1033 1855 1138 1886 recte
1154 1855 1192 1886 et
1206 1847 1287 1886 iure
1302 1849 1447 1887 factum

0 1939 2 1952 .
28 1939 35 1950 ,-
58 1907 247 1980 ἓξῒεῑῗᾰέεῃγ
258 1919 324 1974 Ἓξ
350 1925 434 1950 esse
462 1912 649 1950 defendi?
709 1911 795 1950 Nisi
830 1925 922 1950 vero
960 1911 1185 1950 existimatis
1222 1913 1446 1952 dementem

0 1971 41 2023 ,ᾗ
59 1983 323 2030 Quaeramus&
351 1977 392 2013 P.
422 1975 648 2013 Africanum
685 1975 813 2022 fuisse,
854 1974 921 2024 qui
960 1987 1079 2024 quum
1120 1988 1144 2012 a
1183 1976 1226 2014 C.
1264 1976 1446 2015 Carbone

58 2023 322 2088 ssffaedffigtffitffig
349 2039 504 2078 tribuno
528 2040 652 2090 plebis
674 2039 714 2078 in
737 2039 921 2078 contione
944 2039 1127 2078 seditiose
1152 2040 1448 2091 interrogaretur

20 2097 322 2163 ''ffiffbgffzng‘gff
349 2102 443 2152 quid
476 2104 526 2141 de
558 2103 617 2141 Ti.
654 2102 821 2142 Gracchi
846 2110 970 2142 morte
999 2103 1169 2151 sentiret,
1203 2106 1446 2155 responderit

58 2172 95 2217 ⁶5¹
143 2174 173 2200 in
221 2174 323 2202 former
348 2166 429 2205 iure
448 2180 606 2205 caesum
624 2166 755 2206 videri-
814 2168 954 2216 Neque
975 2167 1079 2206 enim
1097 2175 1231 2218 posset
1242 2176 1309 2207 aut
1320 2171 1446 2209 Ahala

60 2215 149 2239 υπς’
348 2231 412 2271 ille
440 2231 618 2271 Servilius
647 2238 714 2270 aut
744 2233 785 2270 P.
818 2231 963 2269 Nasica
993 2238 1060 2270 aut
1093 2234 1136 2271 L.
1168 2232 1348 2283 Opimius
1379 2243 1446 2274 aut

27 2306 35 2321 ³
61 2295 106 2334 C.
130 2294 278 2334 Marius
305 2302 372 2334 aut
398 2309 462 2334 me
484 2297 644 2334 consule
669 2302 824 2334 senatus
846 2309 928 2334 non
950 2296 1116 2335 nefarius
1140 2297 1285 2345 haberi,
1306 2297 1339 2336 si
1366 2311 1446 2338 sce-

24 2354 26 2356 *
59 2358 199 2398 leratos
231 2358 336 2398 cives
368 2359 531 2398 interfici
562 2361 671 2401 nefas
704 2366 816 2398 esset.
874 2361 1013 2410 Itaque
1046 2361 1136 2408 hoc,
1170 2360 1330 2409 iudices,
1363 2375 1444 2402 non

60 2421 143 2464 sine
169 2431 286 2464 causa
312 2423 429 2464 etiam
455 2424 554 2464 fictis
590 2425 728 2464 fabulis
765 2424 980 2464 doctissimi
1014 2425 1195 2465 homines
1231 2427 1444 2467 memoriae
