1540 2488
461 43 542 82 Ρη)
574 42 616 81 21
644 39 776 79 Annio
800 38 954 78 lllilone.
1357 46 1405 85 13

30 122 125 164 dum
143 122 339 173 reliquisti.
397 122 486 171 Qua
512 135 554 160 re
577 120 650 161 etsi
671 120 815 160 nefarie
839 118 973 168 fecisti,
994 125 1138 166 tamen,
1160 116 1346 168 quoniam
1370 117 1411 156 in

6 199 120 226 *meo
155 184 314 224 inimico
350 184 616 223 crudelitatem
663 183 933 234 exprompsisti
970 189 1087 231 tuam,
1127 182 1285 220 laudare
1328 193 1411 219 non

5 270 6 273 =
29 261 200 302 possum,
230 247 341 287 irasci
373 255 476 287 certe
500 260 582 286 non
607 248 735 286 debeo
769 248 793 271 ’θ
814 248 836 268 ³*
859 248 880 268 ³·
910 246 1022 285 fuerit
1044 245 1172 284 occidi
1202 246 1405 284 Milonem.

319 310 543 350 Convertite
584 310 734 348 animos
767 323 873 348 nunc
908 308 1077 348 vicissim
1113 309 1164 347 ad
1201 309 1404 347 Milonem.
1423 318 1471 354 34

27 363 214 433 &¹⁰32AE
234 363 291 427 ἑξεῖ
318 374 426 423 Quid
454 373 615 412 Milonis
637 374 817 412 intererat
844 372 1007 411 interfici
1035 371 1246 411 Clodium?
1302 371 1409 420 Quid

26 445 77 467 ¹¹⁰¹
97 439 164 483 only
179 448 216 465 ¹¹0
232 448 291 465 rea·
317 446 398 477 erat
417 451 484 476 cur
503 438 614 485 Milo,
631 450 712 476 non
737 437 866 476 dicam
886 436 1117 483 admitteret,
1132 436 1202 474 sed
1230 438 1411 485 optaret?

0 526 2 552 y
26 476 289 546 ffgffi‘g'ffiffissff
318 504 327 522 ‘
341 502 534 541 Obstabat
558 501 599 539 in
621 513 689 550 spe
709 501 930 539 consulatus
952 499 1094 539 Miloni
1117 499 1301 539 Clodius.’
1356 502 1411 539 At

26 551 79 618 ἒξ
97 552 290 616 ἓὲοξξοῖξζ
317 578 365 605 eo
383 572 623 616 repugnante
642 565 760 603 fiebat
772 579 784 613 ;
806 563 926 602 immo
945 576 1038 602 vero
1057 575 1105 601 eo
1124 565 1242 602 fiebat
1260 563 1383 612 magis
1399 578 1410 611 ;

26 627 144 661 wishing
165 627 213 655 ‘¹²⁶
228 635 292 654 ω’·
318 643 392 669 nec
425 643 488 668 me
517 631 764 678 suffragatore
785 628 946 666 meliore
977 628 1157 666 utebatur
1179 641 1296 678 quam
1322 629 1411 667 Clo-

27 671 111 699 m‘y'
242 737 245 741 ,
316 695 393 733 dio.
449 694 617 732 Valebat
645 693 751 743 apud
774 705 856 740 vos,
877 692 1035 740 iudices,
1058 691 1219 731 Milonis
1239 705 1327 741 erga
1345 704 1408 730 me

25 768 185 807 remque
220 757 417 807 publicam
460 756 685 795 meritorum
725 755 912 794 memoria
924 771 935 805 3
981 757 1164 794 valebant
1198 769 1333 806 preces
1370 765 1410 796 et

25 819 206 859 lacrimae
234 827 401 868 nostrae,
431 819 572 870 quibus
599 832 674 869 ego
701 827 784 858 tum
812 832 883 858 vos
906 819 1066 858 mirifice
1094 821 1242 859 moveri
1269 821 1409 860 sentie-

24 883 117 923 bam
129 896 142 931 3
163 883 232 922 sed
256 884 343 933 plus
362 885 484 922 multo
503 884 658 922 valebat
675 883 933 932 periculorum
953 883 1259 933 impendentium
1281 884 1404 923 timor.

24 946 125 996 Quis
153 947 257 985 enim
285 954 367 985 erat
393 946 536 985 civium
564 946 630 997 qui
659 946 733 985 sibi
763 947 930 985 solutam
954 949 997 986 P.
1027 948 1158 986 Clodii
1186 956 1407 998 praeturam

26 1010 109 1050 sine
127 1011 298 1050 maximo
317 1024 445 1050 rerum
463 1023 652 1050 novarum
671 1018 777 1049 metu
796 1013 1061 1060 proponeret?
1086 1011 1254 1049 solutam
1275 1018 1407 1050 autern

25 1074 108 1114 fore
134 1074 336 1124 videbatis,
355 1075 433 1120 nisi
460 1082 563 1114 esset
589 1075 622 1113 is
647 1076 784 1114 consul
808 1074 875 1125 qui
898 1087 985 1113 eam
1010 1075 1170 1113 auderet
1195 1082 1407 1125 possetque

26 1137 299 1188 constringere.
357 1139 460 1177 Eum
493 1139 687 1177 Milonem
717 1151 836 1176 unum
870 1150 955 1176 esse
988 1150 1108 1187 quum
1138 1138 1298 1177 sentiret
1327 1139 1409 1178 uni-

25 1214 158 1242 versus
175 1203 344 1252 populus
364 1204 580 1251 Romanus,
602 1202 687 1252 quis
706 1202 901 1242 dubitaret
921 1203 1101 1252 suffragio
1129 1215 1200 1241 suo
1226 1215 1268 1242 se
1287 1209 1406 1252 metu,

25 1266 198 1317 periculo
234 1279 317 1306 rem
353 1267 551 1318 publicam
588 1267 781 1306 liberare?
839 1269 893 1306 At
932 1281 1036 1306 nunc
1075 1268 1218 1307 Clodio
1254 1275 1408 1306 remoto

60 1372 154 1399 When
176 1371 290 1399 Clodius
315 1330 465 1369 usitatis
483 1330 561 1369 iam
579 1332 693 1369 rebus
712 1331 939 1370 enitendum
958 1340 1016 1370 est
1037 1332 1178 1371 Miloni
1196 1339 1239 1371 ut
1258 1339 1410 1371 tueatur

25 1419 84 1437 was
124 1418 207 1444 gone,
242 1410 290 1436 the
317 1393 545 1443 dignitatem
564 1407 684 1432 suam.
740 1394 950 1444 Singularis
978 1395 1044 1433 illa
1062 1402 1101 1434 et
1119 1396 1210 1433 huic
1228 1396 1296 1434 uni
1315 1408 1408 1435 con-

26 1448 121 1513 ffifss
131 1447 294 1519 ffiffi'cns‘e'f
316 1469 426 1495 cessa
457 1456 588 1506 gloria,
619 1469 719 1506 quae
749 1457 923 1507 quotidie
950 1459 1163 1508 augebatur
1184 1459 1407 1509 frangendis

25 1524 118 1568 ymen
152 1523 291 1567 coysisted
317 1521 506 1560 furoribus
526 1520 737 1568 Clodianis,
758 1519 836 1558 iam
854 1529 979 1561 morte
993 1522 1123 1561 Clodii
1137 1523 1289 1563 cecidit.
1322 1525 1406 1563 Vos

25 1567 291 1631 ἓέἓζεεῖὲζῗςηξ
319 1585 450 1636 adepti
470 1585 561 1624 estis
586 1598 636 1623 ne
655 1598 772 1635 quem
791 1586 916 1624 civem
934 1587 1156 1626 metueretis
1168 1601 1180 1636 3
1213 1587 1276 1626 hic
1302 1601 1407 1627 exer-

27 1636 240 1669 '²⁵²¹⁵⁰⁸⁰¹¹e'
313 1650 538 1689 citationem
556 1649 715 1698 virtutis,
735 1650 1047 1700 suffragationem
1066 1653 1300 1700 consulatus,
1323 1653 1406 1691 fon-

26 1721 107 1756 tem
124 1728 335 1766 perennem
359 1714 503 1764 gloriae
527 1727 619 1752 suae
644 1713 821 1763 perdidit.
879 1716 1018 1764 Itaque
1047 1715 1208 1754 Milonis
1231 1718 1408 1756 consula-

27 1785 100 1826 tus,
129 1778 195 1829 qui
220 1777 310 1817 vivo
339 1777 480 1817 Clodio
507 1777 728 1816 labefactari
754 1791 836 1816 non
860 1785 1022 1828 poterat,
1051 1786 1205 1819 mortuo
1233 1781 1404 1831 denique

28 1842 204 1893 temptari
222 1849 382 1892 coeptus
401 1849 470 1881 est.
529 1844 623 1881 Non
641 1843 762 1881 modo
782 1842 894 1892 igitur
910 1843 1006 1881 nihil
1024 1845 1184 1893 prodest
1202 1847 1272 1885 sed
1291 1848 1404 1885 obest

27 1906 143 1946 etiam
162 1905 292 1946 Clodii
309 1919 413 1945 mors
433 1906 584 1946 Miloni.
643 1909 654 1927 ‘
667 1908 722 1945 At
745 1907 870 1946 valuit.
888 1907 1033 1955 odium,
1054 1909 1144 1947 fecit
1163 1909 1290 1956 iratus,
1311 1910 1402 1949 fecit
1419 1918 1467 1956 35

26 1968 215 2017 inimicus,
234 1969 305 2007 fuit
321 1970 424 2008 ultor
444 1969 615 2016 iniuriae,
635 1969 793 2019 punitor
817 1970 960 2009 doloris
980 1971 1060 2010 sui.'
1117 1971 1224 2021 Quid
1242 1971 1274 2010 si
1292 1973 1400 2021 haec,

12 2025 108 2073 'non
126 2032 379 2072 dicomaiora
398 2033 551 2071 suerunt
569 2032 609 2070 in
629 2033 772 2072 Clodio
795 2046 911 2083 quam
936 2034 976 2072 in
1006 2034 1168 2082 Milone,
1190 2038 1260 2075 sed
1278 2037 1318 2075 in
1337 2038 1404 2078 illo

314 2096 492 2144 maxima,
513 2099 618 2136 nulla
636 2097 675 2135 in
694 2099 781 2145 hoc,
803 2098 896 2148 quid
921 2099 1034 2138 vultis
1056 2101 1250 2151 amplius?
1298 2103 1405 2152 Quid

26 2154 287 2220 ηζᾞζζᾙῡὸἷ
313 2161 416 2199 enim
444 2160 589 2199 odisset
609 2161 790 2200 Clodium
817 2162 927 2210 Milo,
949 2170 1119 2213 segetem
1140 2178 1187 2203 ac
1205 2166 1404 2206 materiem

25 2230 88 2274 ὤιξε
103 2230 215 2264 beyond
232 2230 292 2256 that
318 2238 409 2264 suae
427 2225 581 2275 gloriae,
602 2233 753 2275 praeter
771 2227 848 2264 hoc
866 2226 977 2265 civile
1005 2227 1139 2266 odium
1167 2241 1246 2278 quo
1271 2242 1408 2269 omnes

25 2267 288 2339 :ffihmfflfeissher
314 2288 512 2338 improbos
541 2289 693 2328 odimus
707 2291 726 2328 Ρ
779 2291 851 2328 Ille
879 2297 959 2328 erat
985 2297 1028 2328 ut
1057 2291 1212 2338 odisset,
1242 2292 1408 2342 primurn

309 2353 551 2392 defensorem
570 2353 700 2392 salutis
719 2367 841 2402 meae,
861 2354 1004 2393 deinde
1022 2362 1244 2394 vexatorem
1261 2356 1407 2402 furoris,

27 2414 255 2455 domitorem
302 2429 494 2456 annorum
539 2430 706 2467 suorum,
743 2425 942 2469 postremo
987 2417 1104 2458 etiam
1143 2426 1408 2459 accusatorem
