1540 2488
486 33 580 78 Pro'
598 39 640 78 1:
669 38 801 77 Annio
826 36 981 76 Milone.
1376 35 1430 80 '15

29 123 31 142 ¹
51 109 171 174 ouum
190 129 249 162 est
265 123 344 161 lata
359 122 423 161 lex
442 108 493 161 de
510 134 574 160 me
587 123 606 161 ?
629 133 749 170 quum
774 119 892 159 totius
912 118 1049 158 Italiae
1067 131 1289 167 concursus,
1315 130 1434 168 quem

27 198 29 242 ξ
50 199 139 226 mea
164 187 265 226 salus
293 185 515 232 concitarat,
534 184 626 223 facti
653 184 753 222 illius
781 180 941 234 gloriam
967 183 1093 222 libens
1118 181 1350 232 agnovisset,
1376 189 1430 231 ut,

28 247 166 290 'etiam
190 249 223 289 si
242 249 284 288 id
312 249 413 288 Milo
439 248 602 297 fecisset,
630 255 770 286 cuncta
799 247 933 286 civitas
960 260 1047 286 eam
1074 248 1230 286 laudem
1262 259 1334 296 pro
1362 259 1430 285 sua

49 374 313 447 ῃξοῡῐῖοὲἱῐῇῑὲἓξ
340 383 378 415 et
395 376 622 415 fortissimus
641 377 788 424 consul,
802 375 979 414 inimicus
996 373 1149 423 Clodio,
1164 377 1205 413 P.
1229 376 1427 422 Lentulus,

48 452 123 479 tions
149 451 186 478 he
208 451 312 494 recejv-
338 442 440 479 ultor
465 439 618 479 sceleris
656 439 766 486 illius,
800 445 1065 488 propugnator
1099 445 1266 486 senatus,
1301 439 1431 476 defen-

47 489 312 559 ,ἶζοᾌνῗοᾚέ
339 518 402 543 sor
419 512 567 543 vestrae
585 502 804 550 voluntatis,
825 510 1011 552 patronus
1033 501 1180 552 publici
1204 514 1428 548 consensus,

47 565 96 631 ἒξ
110 564 312 629 ζξέοῗβῑὲῗ
337 568 532 607 restitutor
566 567 697 606 salutis
734 580 845 605 meae
858 581 869 615 3
907 573 1056 616 septem
1092 572 1300 615 praetores,
1338 571 1429 603 octo

45 639 96 684 iqg
105 648 265 684 vepgeance
275 649 311 666 on
338 630 481 670 tribuni
515 630 654 680 plebei,
686 630 786 668 illius
822 629 1038 678 adversarii,
1070 630 1293 668 defensores
1328 628 1406 667 mei
1417 643 1430 678 3

46 677 310 749 fflssgdssgossffi
339 697 410 735 Cn.
442 694 650 745 Pompeius
687 702 822 733 auctor
858 700 898 733 et
929 694 1008 732 dux
1042 693 1121 732 mei
1144 693 1300 741 reditus,
1329 692 1429 732 illius

337 759 470 807 hostis,
497 759 604 798 cuius
630 758 862 797 sententiam
890 765 1045 797 senatus
1071 757 1197 797 omnis
1226 759 1276 797 de
1306 759 1428 796 salute

47 836 136 863 mea
163 822 425 873 gravissimam
463 830 501 861 et
533 822 815 861 omatissimam
847 829 1001 861 secutus
1038 828 1107 870 est,
1142 822 1209 871 qui
1238 823 1427 872 populum

48 888 271 926 Romanum
298 894 356 925 est
383 887 616 934 cohortatus„
638 886 716 936 qui,
738 899 857 936 quum
883 887 1082 925 decretum
1111 887 1160 925 de
1182 900 1245 925 me
1270 888 1429 936 Capuae

45 949 148 998 fecit,
178 950 261 1000 ipse
290 958 454 989 cunctae
492 950 628 990 Italiae
665 950 836 1000 cupienti
872 957 911 989 et
941 950 1022 989 eius
1053 951 1172 989 fidem
1208 950 1430 1000 imploranti

47 1013 199 1064 signum
235 1014 342 1054 dedit
370 1021 414 1053 ut
442 1016 494 1054 ad
521 1028 585 1053 me
613 1014 894 1054 restituendum
931 1016 1102 1053 Romam
1132 1021 1404 1053 concurrerent
1416 1029 1429 1064 3

47 1078 222 1118 omnium
241 1078 410 1129 denique
432 1079 473 1117 in
495 1079 603 1117 illum
628 1079 720 1118 odia
744 1079 886 1118 civium
908 1080 1096 1118 ardebant
1124 1079 1316 1119 desiderio
1337 1079 1425 1129 mei,

12 1140 25 1186 s·
47 1155 165 1192 quem
201 1142 268 1192 qui
296 1149 379 1181 tum
411 1142 676 1191 interemisset,
706 1156 787 1181 non
820 1144 868 1181 de
901 1142 1130 1193 impunitate
1163 1143 1244 1181 eius
1274 1145 1345 1182 sed
1374 1145 1425 1183 de

48 1269 89 1308 in
115 1269 300 1309 iudicium
335 1270 407 1318 bis,
436 1272 487 1310 ad
524 1270 602 1309 vim
639 1283 852 1320 numquam
883 1270 1047 1309 vocavit.
1106 1271 1241 1319 Quid?
1272 1270 1424 1321 privato

48 1334 201 1374 Milone
230 1342 269 1374 et
294 1348 362 1374 reo
398 1336 450 1374 ad
485 1336 685 1385 populum,
715 1341 922 1372 accusante
960 1336 1001 1372 P.
1043 1333 1198 1381 Clodio,
1228 1347 1349 1384 quum
1385 1334 1426 1373 in

49 1400 121 1439 Cn.
152 1398 382 1449 Pompeium
410 1411 480 1448 pro
508 1399 659 1437 Milone
683 1398 879 1437 dicentem
901 1397 1069 1447 impetus
1087 1398 1211 1436 factus
1237 1405 1305 1445 est,
1326 1411 1427 1448 quae

46 1471 130 1503 tum
144 1476 224 1502 non
243 1465 363 1503 modo
383 1464 538 1503 occasio
558 1465 627 1503 sed
654 1463 770 1502 etiam
796 1477 912 1502 causa
934 1463 1036 1502 illius
1063 1462 1310 1514 opprimendi
1327 1464 1428 1504 fuit?

47 1528 186 1578 Nuper
209 1540 315 1575 vero,
340 1540 459 1577 quum
488 1528 544 1565 M.
576 1526 770 1565 Antonius
799 1539 988 1565 summam
1016 1539 1127 1577 spem
1154 1526 1286 1565 salutis
1312 1527 1427 1567 bonis

48 1590 228 1630 omnibus
259 1591 448 1630 attulisset
475 1590 816 1641 gravissimamque
843 1592 1073 1629 adulescens
1092 1590 1353 1630 nobilissimus
1372 1591 1428 1631 rei

37 1654 224 1705 -publicae
259 1662 408 1705 partem
443 1655 648 1694 fortissime
686 1654 918 1704 suscepisset
953 1661 1071 1704 atque
1110 1655 1216 1693 illam
1258 1656 1426 1701 beluam,

46 1717 178 1757 iudicii
204 1719 363 1768 laqueos
391 1719 662 1767 declinantem,
692 1719 769 1757 iam
805 1718 987 1757 irretitam
1020 1726 1180 1767 teneret,
1209 1719 1276 1769 qui
1303 1721 1424 1769 locus,

0 1773 6 1834 i
38 1781 156 1837 ,quod
181 1788 334 1832 tempus
359 1782 465 1831 illud,
487 1783 527 1822 di
554 1783 801 1831 immortales,
821 1783 917 1822 fuit!
975 1784 1107 1832 Quum
1132 1797 1173 1823 se
1193 1784 1256 1823 ille
1275 1785 1426 1835 fugiens

39 1844 88 1884 ‘in
106 1846 292 1884 scalarum
312 1847 489 1885 tenebras
511 1847 735 1894 abdidisset,
755 1860 939 1897 magnum
968 1847 1112 1886 Miloni
1139 1847 1210 1886 fuit
1234 1850 1426 1888 conficere

31 1907 152 1950 illam
177 1916 328 1959 pestem
355 1911 462 1948 nulla
490 1924 559 1949 sua
594 1911 751 1959 invidia,
780 1911 943 1954 Antonii
971 1925 1065 1950 vero
1094 1911 1262 1950 maxima
1290 1912 1421 1962 gloria„

39 1971 184 2021 Quid?
209 1972 375 2011 comitiis
394 1973 434 2011 in
453 1987 594 2024 campo
619 1975 799 2024 quotiens
823 1981 994 2024 potestas
1022 1974 1115 2013 fuit!
1144 1987 1263 2024 quum
1291 1974 1354 2014 ille
1382 1974 1423 2013 in
1441 1990 1487 2023 41

23 2031 182 2086 j'saepta
212 2035 360 2084 ruisset,
394 2037 542 2087 gladios
573 2037 880 2092 destringendos,
907 2037 1057 2087 lapides
1090 2037 1288 2077 iaciendos
1318 2052 1425 2077 cura·

18 2091 174 2157 {vi-sset,
194 2099 286 2138 dein
303 2101 432 2140 subito
451 2103 559 2140 vultu
578 2102 738 2140 Milonis
757 2101 978 2151 perterritus
996 2103 1144 2152 fugeret
1162 2103 1214 2141 ad
1239 2103 1423 2152 Tiberim,

82 2190 112 2217 1⁵
121 2189 310 2222 itffielythe„
334 2178 406 2204 vos
424 2172 464 2204 et
482 2178 618 2204 omnes
636 2165 732 2205 boni
750 2173 842 2204 vota
866 2166 1040 2204 faceretis
1058 2174 1102 2205 ut
1117 2167 1260 2206 Miloni
1277 2169 1334 2207 uti
1352 2169 1426 2208 vir—

0 2261 3 2276 ,
26 2271 30 2274 Δ
46 2227 114 2293 32²3
133 2227 178 2292 εἰ
193 2227 308 2292 ὴζᾚξ
334 2236 416 2268 tute
435 2242 504 2268 sua
521 2229 687 2268 liberet?
725 2231 851 2278 Quem
872 2230 986 2280 igitur
1003 2243 1093 2268 cum
1112 2231 1288 2270 omnium
1305 2234 1428 2283 gratia

0 2258 310 2488 fanumst-‘forme
336 2292 471 2341 noluit,
491 2294 596 2331 hunc
612 2293 734 2332 voluit
753 2307 842 2332 curn
859 2293 1076 2343 aliquorum
1096 2296 1280 2344 querela?
1308 2309 1427 2346 quem

0 1716 2 1734 l

46 2341 212 2406 m
261 2340 312 2405 ’ἐξ
337 2356 429 2404 iure,
459 2368 576 2406 quem
612 2357 713 2404 loco,
748 2369 865 2406 quem
901 2363 1086 2406 tempore,
1122 2370 1239 2407 quem
1267 2357 1427 2410 impune

49 2417 138 2446 *ΜΦ
166 2426 214 2445 ²¹0
240 2425 311 2444 ‘m
337 2432 419 2459 non
447 2425 507 2459 est
532 2432 660 2468 ausus,
688 2420 794 2460 hunc
820 2419 967 2470 iniuria,
996 2419 1132 2471 iniquo
1168 2422 1270 2472 loco,
1299 2423 1429 2463 alieno

333 312 575 352 vindicaret?
628 314 682 351 At
712 313 819 362 quod
845 318 925 350 erat
947 313 1129 361 tempus?
1184 310 1428 350 Clarissimus
1447 326 1496 362 39

47 1206 226 1257 praemiis
245 1206 484 1256 cogitaretur.
541 1209 691 1246 Tambn
711 1220 752 1246 se
779 1206 879 1245 Milo
905 1206 1096 1245 continuit
1114 1213 1153 1245 et
1172 1208 1214 1246 P.
1238 1207 1424 1246 Clodium
1441 1220 1493 1255 40
