1540 2488
136 77 187 116 34
643 65 706 106 M.
741 67 782 106 73
816 65 998 106 Cimonis
1459 0 1519 92 q

1465 114 1479 123 ⁶
1502 119 1505 134 ι

60 173 118 220 35
172 161 220 190 ne
228 161 400 194 Quoque„
429 147 516 184 Nec
541 157 632 184 vero
659 145 766 192 haec,
793 144 951 192 iudices,
979 150 1022 183 ut
1053 155 1125 194 ego
1153 155 1267 192 nunc,
1294 143 1420 191 flens,
1502 142 1507 175 ἶ

138 199 399 264 ,ἒξῗξξοῗῑζξξζζξξ
424 209 500 246 hoc
535 208 674 246 eodem
710 207 877 257 loquitur
910 208 1016 245 vultu
1052 219 1131 256 quo
1166 205 1313 246 videtis.
1369 208 1408 246 N
1476 208 1480 210 ’

138 275 194 301 will
231 280 279 301 not
318 282 400 307 prove
428 270 530 308 enim
548 277 663 319 negat
680 268 835 319 ingratis
853 268 1000 308 civibus
1018 269 1152 308 secisse
1167 281 1208 308 se
1226 281 1325 318 quae
1342 268 1472 309 feeerit

138 311 402 380 ῗηᾚῗῐῗεᾞειιῖῗᾷ
429 331 570 370 timidis
589 338 628 370 et
654 331 785 370 omnia
808 331 1199 381 circumspicientibus
1226 331 1393 382 pericula
1417 331 1497 388 non]
1539 329 1540 335 ¹

136 385 399 448 ffissksssssthgssasg
426 402 549 445 negat.
607 395 764 433 Plebem
801 401 839 433 et
870 394 1040 432 infimam
1081 394 1362 434 multitudinem
1398 390 1497 461 qua}

138 464 220 485 ΜΨ·
428 460 469 496 Ρ.
501 457 641 497 Clodio
669 458 767 496 duce
794 458 953 496 fortunis
984 465 1117 496 vestris
1145 457 1380 506 imminebat,
1398 464 1498 519 eamq

139 534 216 571 quo
243 521 359 560 tutior
386 528 485 560 esset
519 529 644 560 vestra
671 521 760 568 vita,
791 534 831 560 se
867 522 1001 560 fecisse
1036 529 1311 577 commemorat
1341 529 1384 561 ut
1417 523 1499 572 noij

138 585 257 623 modo
278 584 416 622 virtute
440 585 618 631 flecteret,
644 585 714 623 sed
741 584 855 622 etiam
882 584 1001 623 tribus
1026 584 1102 623 suis
1132 583 1368 633 patrimoniis
1396 584 1500 637 deles!

137 647 235 686 niret
247 661 259 696 3
282 660 356 686 nec
380 647 488 686 timet
505 659 566 694 ne,
587 659 704 696 quum
729 648 882 696 plebem
907 647 1125 686 muneribus
1147 647 1313 697 placarit,
1332 660 1402 687 vos
1419 643 1517 695 non*¹

137 709 347 748 conciliarit
364 709 506 748 meritis
531 708 571 747 in
595 723 675 748 rem
700 710 891 759 publicam
919 710 1177 760 singularibus.
1232 712 1393 750 Senatus
1411 719 1519 763 erga⁸

137 786 178 812 se
197 773 504 812 benevolentiam
529 772 763 823 temporibus
787 773 846 812 his
873 773 964 823 ipsis
988 786 1102 823 saepe
1127 786 1210 812 esse
1237 771 1524 825 perspectamgsss

137 843 279 875 vestras
308 849 398 875 vero
431 844 470 874 et
496 843 706 875 vestrorum
742 836 919 875 ordinum
951 836 1231 876 occursationes
1266 837 1391 876 studia
1425 850 1502 878 se1·‹Y

138 911 284 946 mones,
313 911 594 949 quemcumque
622 912 773 937 cursum
801 900 951 937 fortuna
982 899 1140 947 dederit,
1170 913 1299 938 secum
1328 913 1370 939 se
1397 898 1503 940 ablu-⁸

138 967 263 999 turum
282 973 364 999 esse
383 960 485 999 di'cit.
543 961 722 1000 Meminit
750 961 864 999 etiarn
892 960 964 1000 sibi
991 974 1125 1000 vocem
1152 962 1351 1012 praeconis
1378 964 1497 1004 modo
1519 972 1523 973 ⁷

138 1023 314 1071 defuisse,
345 1036 461 1073 quam
496 1023 652 1062 minime
689 1022 932 1072 desiderarit3
963 1024 1096 1074 populi
1126 1037 1216 1063 vero
1248 1025 1394 1064 cunctis
1425 1027 1497 1065 suf·
1519 1034 1540 1079 ξ

138 1085 274 1136 fragiis,
305 1087 411 1136 quod
446 1097 565 1124 unum
601 1085 770 1135 cupierit,
802 1098 843 1124 se
874 1087 1071 1124 consulem
1102 1087 1335 1126 declaratum
1347 1102 1358 1136 ς
1393 1101 1496 1128 nunc
1525 1077 1540 1126 l

139 1149 315 1199 denique,
337 1149 369 1188 si
386 1151 482 1188 haec
501 1155 633 1187 contra
651 1161 692 1187 se
710 1148 785 1187 sint
803 1149 936 1195 futura,
959 1148 1032 1187 sibi
1049 1148 1224 1188 facinoris
1246 1150 1496 1200 suspitionem
1522 1149 1540 1205 ἐι

424 1225 505 1250 non
522 1211 611 1249 sacti
630 1211 772 1249 crimen
791 1212 951 1250 obstare.
1006 1211 1128 1251 Addit
1152 1213 1258 1260 haec,
1279 1227 1375 1263 quae
1394 1222 1496 1255 certe
1522 1202 1540 1276 ξ’]

138 1258 206 1322 (ἐξ
216 1259 400 1329 ζξζρζῗζζχξξ
427 1286 515 1311 vera
533 1279 631 1319 sunt,
645 1273 760 1310 fortes
779 1279 817 1310 et
831 1271 1020 1322 sapientes
1034 1273 1134 1312 viros
1146 1286 1225 1313 non
1239 1281 1318 1313 tam
1330 1276 1496 1325 praemia
1525 1282 1540 1340 ᾗ

137 1342 342 1403 ἷζῖζξέῑῑὲῐὲῐῗ
358 1333 404 1397 ¹:3¹2
427 1335 535 1386 sequi
553 1336 674 1374 solere
692 1341 794 1373 recte
812 1335 998 1373 factorum
1018 1348 1131 1385 quam
1150 1335 1232 1386 ipsa
1256 1345 1358 1377 recte
1375 1340 1475 1378 sacta
1486 1351 1499 1388 ς
1530 1337 1540 1391 3

139 1408 402 1451 dptyfflndwonfor
428 1411 468 1438 se
508 1398 603 1437 nihil
644 1397 684 1435 in
722 1397 800 1436 vita
843 1397 916 1436 nisi
954 1398 1249 1448 praeclarissime
1288 1400 1433 1449 fecisse,
1466 1401 1500 1441 si
1532 1402 1540 1411 ”

138 1444 400 1513 ssfflrfssssssssffi
427 1462 582 1512 quidem
608 1461 703 1499 nihil
728 1461 776 1500 sit
800 1461 1062 1511 praestabilius
1080 1462 1161 1502 viro
1188 1476 1303 1513 quam
1322 1464 1500 1515 periculis

138 1519 398 1584 ξζῖξζζδθὴὶςῑὸω
426 1526 584 1577 patriam
611 1526 769 1565 liberare
781 1539 793 1574 ς
825 1527 958 1565 beatos
991 1539 1074 1565 esse
1108 1527 1245 1577 quibus
1273 1542 1319 1567 ea
1344 1542 1404 1568 res
1431 1531 1501 1569 ho·

424 1589 508 1628 nori
534 1588 644 1627 suerit
661 1602 685 1627 a
709 1589 785 1627 suis
812 1588 956 1628 civibus
969 1602 981 1637 3
1002 1602 1075 1628 nec
1098 1597 1227 1630 tamen
1251 1604 1318 1630 eos
1342 1592 1500 1634 miseros

139 1651 206 1702 qui
248 1651 437 1691 beneficio
469 1651 571 1690 cives
607 1663 696 1690 suos
738 1650 896 1690 vicerint
910 1665 922 1700 3
966 1653 1036 1691 sed
1075 1659 1203 1692 tamen
1239 1667 1286 1693 ex
1321 1654 1499 1695 omnibus
1530 1650 1540 1709 ἢ

140 1715 316 1765 praemiis
347 1714 503 1761 virtutis,
532 1713 564 1752 si
593 1721 692 1752 esset
723 1714 902 1753 habenda
931 1714 1026 1754 ratio
1058 1716 1322 1766 praemiorum,
1350 1718 1501 1769 amplis-
1532 1713 1540 1751 ἦ

139 1778 276 1817 simum
301 1791 385 1817 esse
407 1777 615 1828 praemium
639 1776 798 1827 gloriam
810 1791 822 1825 3
851 1790 933 1816 esse
955 1779 1055 1817 hanc
1081 1792 1197 1818 unam
1218 1793 1318 1831 quae
1341 1781 1500 1821 brevita-

139 1848 218 1880 tem
248 1841 348 1880 vitae
376 1840 606 1891 posteritatis
632 1840 815 1879 memoria
842 1842 1109 1890 consolaretur,
1138 1855 1236 1893 quae
1267 1845 1433 1884 efficeret
1457 1850 1501 1884 ut
1537 1842 1540 1893 J

139 1906 317 1943 absentes
352 1905 583 1950 adessemus,
621 1902 761 1941 mortui
795 1901 1033 1951 viveremus;
1072 1905 1173 1942 hanc
1213 1905 1380 1956 denique
1415 1919 1500 1948 esse

139 1966 246 2005 cuius
264 1966 442 2016 gradibus
462 1965 575 2004 etiam
594 1965 635 2003 in
653 1966 803 2003 coelum
826 1965 1000 2004 homines
1018 1965 1236 2006 viderentur
1251 1969 1498 2010 adscendere.

141 2031 227 2069 ‘De
268 2043 331 2069 me
370 2029 522 2080 (inquit)
559 2041 708 2078 semper
743 2030 907 2078 populus
944 2030 1143 2068 Romanus
1179 2042 1330 2080 semper
1364 2044 1499 2073 omnoe
1515 2048 1540 2087 9

139 2100 272 2143 gentes
299 2093 511 2142 loquentur,
541 2093 645 2129 nulla
674 2103 857 2140 umquam
888 2092 1127 2131 obmutescet
1162 2099 1337 2132 vetustas.
1394 2094 1501 2143 Quin,

140 2158 215 2196 hoc
237 2163 408 2206 tempore
436 2155 531 2205 ipso,
551 2168 670 2205 quum
692 2167 825 2193 omnes
853 2168 877 2193 a
903 2156 999 2194 meis
1026 2155 1187 2195 inimicis
1214 2157 1316 2196 faces
1333 2156 1500 2198 invidiae
1532 2160 1540 2182 ‘²

139 2231 249 2258 meae
267 2218 509 2264 subiciantur,
523 2224 652 2256 tamen
671 2217 776 2256 omni
794 2217 834 2255 in
849 2218 1047 2257 hominum
1066 2226 1178 2258 coetu
1195 2220 1323 2269 gratiis
1340 2222 1500 2271 agendis
1538 2240 1540 2246 ·

140 2288 180 2320 et
222 2280 535 2331 gratulationibus
578 2280 766 2319 habendis
811 2287 850 2319 et
893 2281 999 2320 omni
1043 2293 1219 2321 sermone
1253 2285 1498 2327 celebramur.

141 2345 290 2386 Omitto
317 2343 488 2383 Etruriae
514 2345 631 2383 festos
657 2350 697 2383 et
726 2350 834 2383 actos
862 2351 901 2383 et
929 2344 1119 2384 institutos
1148 2345 1257 2396 dies;
1291 2346 1500 2388 centesima

140 2407 205 2447 lux
223 2412 281 2447 est
304 2407 400 2445 haec
423 2406 474 2446 ab
500 2405 653 2445 interitu
676 2407 716 2447 P.
745 2406 874 2446 Clodii
900 2413 939 2446 et
966 2406 1104 2451 opinor
1129 2409 1246 2448 altera
1258 2421 1273 2458 ς
1301 2420 1377 2460 qua
1401 2411 1498 2452 fines
