1540 2488
141 65 164 102 6
641 63 702 101 M.
735 62 777 101 73
812 61 997 101 camnis
1518 0 1540 94 'i

138 134 399 205 ζῑξΐᾰαῑὶξέῗζῗζὲ
426 137 545 185 Quod
563 136 594 175 si
611 150 680 186 per
696 137 877 176 furiosum
895 137 1001 176 illurn
1013 137 1204 177 tribunum
1222 135 1370 176 senatui
1387 136 1492 187 quod
1532 105 1540 350 1

1535 351 1540 380 1

138 210 266 242 ordinary
277 210 360 236 roms
371 210 403 236 os
426 200 614 238 sentiebat
642 201 822 249 perficere
852 201 1029 248 licuisset,
1062 213 1202 239 novam
1230 198 1493 250 quaestionem
1518 219 1522 245 ς

137 246 399 311 ξζῷἒὲᾗῗὸζὲζ
425 263 569 299 nullam
593 263 818 301 haberemus
825 276 837 311 3
863 263 1095 301 decernebat
1119 263 1222 301 enim
1242 270 1284 301 ut
1305 262 1492 301 veteribus
1517 271 1522 290 -’

138 320 296 373 byfafflw·
422 324 580 373 legibus,
601 331 748 362 tantum
766 326 885 364 modo
904 333 1009 363 extra
1026 325 1210 372 ordinem,
1230 333 1492 375 quaereretur:

139 386 261 424 divisa
285 387 474 424 sententia
496 394 553 425 est
577 389 794 437 postulante
821 388 952 427 nescio
974 401 1052 438 quo
1059 403 1070 436 ς
1097 389 1191 426 nihil
1213 388 1313 426 enim
1335 400 1492 427 necesse
1517 428 1520 438 ι

137 457 196 487 est
224 449 395 488 omniurn
422 463 485 489 me
511 450 652 500 flagitia
670 452 856 500 proferre:
884 451 939 490 sic
957 451 1101 501 reliqua
1117 451 1321 490 auctoritas
1339 459 1491 490 senatus
1518 444 1540 508 ³⁴

139 519 268 562 empta
285 512 558 562 intercessione
577 515 729 552 sublata
747 521 814 553 est.
1518 509 1540 580 ἓξ

487 577 540 613 At
558 575 659 614 enim
679 578 750 615 Cn.
773 576 977 626 Pompeius
999 577 1195 626 rogatione
1219 590 1287 615 sua
1308 584 1346 616 et
1374 577 1423 616 de
1449 590 1490 618 re
1511 581 1540 619 ι’

137 633 277 703 Ωξῗξξὶαζ,
300 633 397 697 ἐξ]
424 645 463 676 et
482 639 531 677 de
549 651 665 676 causa
682 638 883 677 iudicavit:
907 639 991 677 tulit
1009 639 1109 677 enim
1129 640 1177 677 de
1196 640 1315 678 caede
1334 652 1432 688 quae
1450 639 1490 678 in
1528 592 1540 1172 1

1534 1264 1540 1279 Ι

1535 1454 1540 1476 l

136 708 214 740 peius
256 745 263 752 -
291 708 401 734 himself
423 701 551 750 Appia
576 701 638 739 via
663 702 764 739 facta
790 708 900 748 esset,
929 701 968 739 in
994 714 1070 750 qua
1093 703 1134 740 P.
1162 701 1321 740 Clodius
1342 701 1492 740 occisus
1519 752 1521 754 v

136 745 397 816 ᾗῗέῃῇἶᾞζᾞ
424 771 533 802 esset.
591 764 695 812 Quid
734 777 822 813 ergo
854 765 967 803 tulit?
1004 777 1144 813 nempe
1170 771 1212 803 ut
1239 772 1487 814 quaereretur.

135 821 399 885 ἓξὶἳξῖζῖζῑηῗζξὲ
423 825 527 873 Quid
555 838 668 874 porro
696 827 955 875 quaerendum
992 828 1076 864 est?
1114 827 1307 865 factumne
1346 826 1422 865 sit?
1452 834 1492 866 at

136 896 177 921 for
203 905 239 922 an
270 896 392 928 inquiry:
421 896 592 927 constat:
620 902 643 927 a
672 891 777 938 quo?
804 896 843 927 at
869 896 985 938 paret.
1041 889 1148 927 Vidit
1175 890 1286 939 igitur
1311 889 1425 928 etiarn
1452 889 1491 928 in

126 938 202 1004 Ριξξι,
217 933 396 996 ςζῖῗὲζῑζζζ
422 952 662 991 confessione
687 952 775 990 facti
798 952 886 990 iuris
911 960 1038 991 tamen
1063 953 1326 991 defensionem
1350 953 1492 1003 suscipi

135 1008 255 1075 ξῖζῖἑζ·
277 1017 327 1071 ,¹:2¹
341 1008 396 1071 ἐξ
422 1027 546 1063 posse.
603 1015 719 1062 Quod
743 1015 815 1052 nisi
840 1015 996 1054 vidisset
1018 1028 1131 1065 posse
1153 1016 1302 1054 absolvi
1320 1029 1408 1054 eum
1426 1016 1492 1066 qui

137 1081 195 1107 well
213 1082 328 1111 known:
346 1082 395 1126 put
421 1077 609 1124 fateretur,
643 1090 760 1126 quum
792 1077 937 1116 videret
967 1090 1038 1116 nos
1066 1078 1183 1123 fateri,
1210 1090 1336 1127 neque
1361 1078 1490 1127 quaeri

134 1118 394 1182 2133&aeng
421 1153 602 1189 umquam
626 1140 806 1188 iussisset,
835 1154 907 1179 nec
929 1141 1039 1180 vobis
1064 1148 1141 1179 tam
1165 1143 1265 1180 hanc
1289 1143 1489 1180 salutarem
1535 1175 1540 1187 ,

133 1199 394 1262 ξξᾚζζξζζῇζῗζζ
421 1204 460 1241 in
479 1204 683 1243 iudicando
705 1204 852 1243 literam
874 1217 989 1254 quam
1010 1204 1114 1242 illam
1139 1204 1283 1243 tristem
1307 1205 1486 1245 dedisset.
1527 1190 1540 1217 Ἐ

132 1266 193 1330 321
200 1267 322 1330 3¹23be
322 1268 398 1331 ὶῗειῑῃῖ
423 1266 522 1304 Mihi
544 1279 633 1305 vero
657 1269 728 1306 Cn.
754 1267 959 1317 Pompeius
981 1279 1059 1306 non
1083 1268 1199 1306 modo
1224 1267 1317 1306 nihil
1340 1268 1488 1318 gravius

133 1344 317 1376 pomonam
421 1336 555 1367 contra
591 1329 779 1368 Milonem
815 1329 1014 1376 iudicasse,
1053 1330 1122 1368 sed
1160 1329 1274 1367 etiam
1313 1329 1488 1368 statuisse

418 1392 567 1430 videtur
584 1392 677 1442 quid
698 1405 767 1431 vos
790 1393 829 1430 in
851 1392 1057 1431 iudicando
1079 1399 1250 1442 spectare
1271 1399 1486 1442 oporteret:

131 1454 292 1504 namqui
303 1467 382 1493 non
394 1468 558 1504 poenam
572 1456 801 1495 confessioni
812 1456 880 1495 sed
892 1456 1152 1494 defensionem
1164 1454 1281 1501 dedit,
1290 1454 1322 1493 is
1333 1467 1486 1494 causam
1536 1482 1540 1507 ς

131 1516 303 1556 interitus
333 1519 589 1568 quaerendam
614 1532 693 1558 non
718 1519 910 1558 interitum
941 1519 1097 1568 putavit.
1153 1520 1237 1557 Iam
1261 1519 1354 1557 illud
1383 1519 1485 1559 dicet
1506 1509 1540 1616 11

131 1579 212 1630 ipse
230 1582 414 1630 profecto,
439 1584 544 1631 quod
566 1595 635 1621 sua
659 1590 794 1632 sponte
817 1583 916 1628 fecit,
945 1582 1132 1621 Publione
1158 1582 1298 1622 Clodio
1322 1583 1486 1622 tribuen-

86 1645 110 1686 7
164 1680 387 1713 newiutenyou
415 1645 507 1683 dum
526 1646 664 1695 putarit
682 1659 732 1684 an
751 1646 920 1695 tempori.
979 1646 1096 1684 Domi
1118 1659 1208 1684 suae
1227 1645 1485 1696 nobilissimus
1536 1649 1540 1672 ¹

129 1718 245 1761 that'he
262 1720 342 1744 acted
359 1727 389 1744 as
415 1708 480 1755 vir,
505 1716 657 1747 senatus
682 1717 938 1758 propugnator
965 1715 1080 1758 atque
1111 1709 1184 1747 illis
1211 1709 1366 1758 quidem
1393 1715 1487 1747 tem·
1535 1721 1540 1746 ῑ

129 1755 393 1826 ἷζεῇῗῐζᾏζᾛίζῖ
416 1771 571 1820 poribus
601 1783 724 1820 paene
755 1778 947 1820 patronus,
976 1773 1184 1810 avunculus
1211 1772 1322 1810 huius
1350 1772 1485 1810 iudicis
1538 1797 1540 1813 2

129 1830 248 1896 2:2th
267 1831 389 1902 {3:233ss
416 1833 535 1871 nostri
561 1833 753 1872 fortissimi
777 1833 846 1871 viri
876 1834 930 1871 M.
966 1833 1136 1880 Catonis,
1165 1833 1335 1872 tribunus
1362 1834 1485 1883 plebis

129 1907 338 1949 circumstances
360 1907 392 1933 of
416 1898 471 1934 M.
507 1897 653 1934 Drusus
685 1895 835 1934 occisus
866 1903 946 1934 est:
973 1896 1066 1934 nihil
1093 1897 1143 1935 de
1171 1896 1251 1934 eius
1274 1904 1396 1936 morte
1420 1910 1487 1947 po-
1536 1911 1540 1938 ῖ

129 1944 175 1970 “¹⁶
188 1950 273 1970 umes..
415 1960 527 2008 pulus
559 1960 765 2005 consultus,
797 1959 901 1996 nulla
927 1957 1101 2008 quaestio
1127 1958 1280 1996 decreta
1302 1971 1327 1996 a
1351 1967 1484 1998 senatu

129 2028 195 2059 est.
253 2021 449 2069 Quantum
480 2022 625 2059 luctum
661 2020 700 2059 in
732 2022 805 2059 hac
834 2021 929 2059 urbe
959 2020 1075 2059 fuisse
1101 2034 1125 2059 a
1150 2020 1288 2059 nostris
1314 2021 1484 2070 patribus
1534 2016 1540 2061 ἴ

127 2084 357 2133 accepimus,
371 2096 489 2132 quum
503 2085 543 2122 P.
562 2084 743 2122 Africano
757 2083 862 2122 dorni
881 2095 971 2121 suae
987 2082 1196 2132 quiescenti
1215 2082 1279 2120 illa
1296 2090 1483 2121 nocturna

127 2147 183 2186 vis
210 2155 311 2186 esset
337 2148 468 2186 illata?
494 2148 578 2197 quis
606 2156 687 2186 tum
711 2161 790 2186 non
814 2147 986 2197 gemuit?
1013 2146 1097 2196 quis
1122 2158 1201 2184 non
1223 2146 1313 2184 arsit
1336 2146 1480 2192 dolore,
1529 2175 1540 2200 ζ

412 2224 527 2261 quem
563 2211 826 2258 immortalem,
864 2210 896 2249 si
931 2210 1011 2248 fieri
1049 2217 1190 2259 posset,
1227 2221 1362 2247 omnes
1398 2220 1482 2247 esse

123 2256 385 2321 ,ςῗῖἒῃῖξζὴῃέἳ
411 2282 604 2325 cuperent,
621 2274 701 2313 eius
719 2286 770 2312 ne
782 2272 1034 2312 necessariam
1048 2271 1204 2321 quidem
1222 2277 1480 2320 exspectatam
1507 2309 1510 2312 .

122 2330 383 2401 ξίῗῇζῗῗεζῶξ
410 2349 494 2376 esse
513 2344 675 2375 mortem
686 2337 704 2374 ?
727 2336 830 2373 Num
846 2334 957 2384 igitur
973 2335 1051 2372 ulla
1064 2332 1237 2383 quaestio
1249 2332 1298 2371 de
1309 2331 1478 2371 Africani
1499 2350 1516 2378 1

126 2409 174 2437 but
190 2410 335 2437 uxerem
351 2419 387 2437 no
414 2408 536 2439 morte
562 2401 640 2438 lata
670 2400 756 2439 est?
786 2405 888 2438 certe
919 2398 1047 2437 nulla:
1077 2396 1170 2446 quid
1197 2396 1279 2435 ita?
1307 2394 1479 2446 quiniou
