1540 2488
460 42 542 80 Pro
574 42 615 79 23
644 39 776 79 Annio
802 38 954 78 Milone.
1360 44 1408 87 35

16 251 71 293 ¹sit
105 265 187 291 non
224 251 378 304 (inquit)
417 252 564 299 laboro,
599 250 784 301 quoniam
820 250 1002 289 omnibus
1038 248 1079 287 in
1115 247 1223 287 terris
1260 253 1299 286 et
1331 246 1408 285 iam

309 322 480 354 versatur
502 322 539 354 et
562 327 715 364 semper
741 313 933 353 habitabit
959 312 1128 352 nominis
1155 310 1232 350 mei
1259 309 1404 361 gloria.'

12 399 13 402 ,
54 370 94 396 As
122 369 165 396 sor
186 369 290 402 mysels

11 407 37 434 ²1
54 407 135 434 know
155 413 203 433 not
225 407 286 433 how

9 471 11 477 ,
20 445 55 511 {e
60 446 160 510 <31¹¹ss
163 445 285 509 Ξῗὲωξὲ
313 443 558 482 audientibus
581 444 678 482 haec
707 455 780 492 ego
808 448 949 488 tecum,
979 440 1090 479 Milo.
1147 441 1208 478 Te
1234 439 1404 489 quidem,

20 493 191 551 himzpaand
225 521 286 546 that
314 519 434 555 quum
461 505 535 544 isto
563 505 694 543 animo
728 518 781 552 es,
811 504 902 542 satis
930 505 1087 542 laudare
1116 516 1198 542 non
1222 515 1382 553 possum
1396 517 1407 551 3

20 558 282 628 ζξζοζὲςὴῐζξεεῗξζζ
311 570 381 608 sed
401 582 479 618 quo
499 575 557 608 est
579 568 652 607 ista
676 567 798 618 magis
827 567 958 606 divina
981 567 1111 615 virtus,
1133 581 1181 606 eo
1209 566 1355 606 maiore
1383 580 1407 605 a

0 634 192 700 'ffisshabm
235 643 284 667 my
311 639 349 671 te
387 633 522 671 dolore
559 631 730 670 divellor.
790 634 878 670 Nec
907 645 1012 679 vero,
1043 631 1075 670 si
1106 631 1203 669 mihi
1237 631 1405 681 eriperis,

310 695 457 745 reliqua
476 702 533 734 est
552 695 616 733 illa
641 702 772 734 tamen
798 696 849 734 ad
869 696 1155 734 consolandum
1176 696 1344 745 querela,
1365 701 1408 733 ut

0 756 67 798 ssiis
86 757 196 797 irasci
220 758 366 809 possim
394 772 418 797 a
446 759 585 809 quibus
611 766 761 797 tantum
788 760 926 798 vulnus
954 771 1142 809 accepero
1156 773 1168 807 3
1196 771 1278 797 non
1303 756 1408 796 enim

20 821 166 862 inimici
183 822 261 861 mei
279 830 317 861 te
336 822 431 860 mihi
450 822 611 873 eripient
630 824 699 862 sed
717 822 949 871 amicissimi,
970 836 1051 861 non
1069 824 1171 862 male
1196 823 1408 872 aliquando

22 887 72 926 de
87 900 150 926 me
162 886 286 926 meriti
302 888 372 926 sed
385 901 538 937 semper
555 887 712 938 optime.
753 889 914 926 Nullum
927 900 1123 937 umquam,
1137 886 1297 934 iudices,
1312 885 1408 924 mihi

21 956 171 989 tantum
190 952 365 989 dolorem
384 950 541 989 inuretis
563 950 650 1003 (etsi
678 949 763 1000 quis
789 957 918 1001 potest
944 964 1027 989 esse
1056 956 1184 989 tantus
1196 949 1230 1002 ?)
1262 950 1332 989 sed
1356 963 1407 990 ne

21 1013 126 1052 hunc
153 1013 311 1064 quidem
338 1012 475 1063 ipsum,
496 1020 538 1052 ut
567 1013 771 1052 obliviscar
798 1013 931 1063 quanti
953 1027 1016 1052 me
1048 1026 1201 1064 semper
1229 1013 1405 1053 feceritis.

23 1077 135 1126 Quae
153 1076 185 1115 si
208 1090 278 1116 vos
306 1077 410 1127 cepit
435 1077 590 1125 oblivio,
611 1084 677 1116 aut
702 1077 734 1116 si
762 1077 802 1116 in
830 1091 891 1116 me
919 1077 1065 1127 aliquid
1093 1077 1319 1125 offendistis,
1341 1090 1408 1116 cur

22 1153 103 1180 non
121 1140 162 1180 id
179 1154 268 1180 meo
288 1141 413 1190 capite
432 1140 560 1191 potius
585 1141 699 1179 luitur
726 1154 843 1191 quam
867 1140 1055 1180 Milonis?
1081 1141 1275 1191 praeclare
1303 1140 1407 1179 enim

265 1239 272 1246 ,
314 1204 456 1253 vixero,
491 1203 523 1243 si
560 1204 653 1254 quid
690 1204 785 1243 mihi
816 1204 998 1243 acciderit
1035 1204 1139 1255 prius
1177 1218 1295 1254 quam
1330 1206 1409 1244 hoc

55 1241 96 1268 At
115 1240 192 1273 least,
217 1238 239 1267 it
265 1249 288 1266 is

25 1279 166 1311 oonsoung
195 1284 223 1304 to
246 1286 286 1304 re·
316 1275 466 1307 tantum
498 1268 589 1306 mali
620 1268 763 1307 videro.
822 1270 940 1306 Nunc
975 1282 1039 1307 me
1076 1281 1154 1306 una
1191 1268 1408 1309 consolatio

25 1317 89 1343 flect
107 1317 167 1343 that
187 1316 200 1342 1
219 1316 290 1341 have
688 1333 694 1339 .
729 1332 737 1339 .
935 1332 943 1339 .
1379 1334 1387 1341 ,

25 1364 91 1382 eve,
136 1355 207 1380 done
253 1353 291 1379 au
318 1339 515 1380 sustentat,
538 1333 643 1382 quod
669 1334 750 1381 t1b1,
772 1335 817 1372 T.
839 1335 956 1380 Anni,
978 1334 1125 1371 nullum
1144 1347 1168 1371 a
1185 1347 1248 1372 me
1267 1347 1408 1373 amoris

25 1393 292 1462 ζῑῑξέζύὲγῃξξᾬξ
317 1397 466 1434 nullum
485 1396 602 1435 studii
620 1398 768 1435 nullum
788 1397 940 1446 pietatis
956 1397 1125 1436 officium
1141 1398 1273 1437 defuit.
1324 1401 1410 1449 Ego

26 1465 128 1495 fection
150 1468 192 1493 sor
214 1466 290 1495 himz
318 1458 535 1498 inimicitias
555 1459 772 1510 potentium
798 1473 868 1509 pro
892 1467 930 1498 te
955 1460 1152 1510 adpetivi3
1181 1474 1253 1510 ego
1279 1475 1410 1500 meum

25 1506 82 1572 ‘⁵¹23
105 1504 210 1570 ‘hg‘ssfarle
226 1511 291 1566 mffi‘s'
318 1535 434 1572 saepe
464 1535 602 1572 corpus
634 1529 672 1562 et
703 1522 823 1562 vitam
860 1522 988 1562 obieci
1017 1523 1132 1562 armis
1164 1523 1411 1563 inimicorum

26 1579 290 1654 ffiyffiteverthat
317 1592 469 1624 tuorum
482 1599 493 1633 3
513 1598 585 1636 ego
604 1598 667 1624 me
686 1585 859 1635 plurimis
878 1599 948 1636 pro
969 1592 1007 1625 te
1026 1586 1242 1637 supplicem
1260 1587 1386 1626 abieci
1401 1601 1412 1635 3

314 1650 430 1696 bona,
465 1649 637 1687 fortunas
673 1661 780 1687 meas
817 1662 864 1686 ac
899 1648 1108 1688 liberorum
1144 1663 1331 1698 meorum,
1371 1651 1413 1689 in

28 1711 342 1750 communionem
371 1718 524 1749 tuorum
561 1717 779 1760 temporum
812 1711 982 1759 contuli3
1018 1712 1095 1750 hoc
1127 1713 1297 1763 denique
1326 1713 1412 1763 ipso

28 1775 103 1823 die,
132 1775 164 1813 si
197 1788 296 1825 quae
324 1774 381 1813 vis
414 1782 472 1813 est
504 1782 647 1825 parata,
679 1773 711 1812 si
743 1787 843 1824 quae
875 1774 1073 1813 dimicatio
1106 1775 1243 1825 capitis
1275 1777 1411 1824 futura,

29 1840 211 1890 deposco.
270 1839 376 1887 Quid
394 1838 471 1877 iam
495 1841 642 1877 restat?
675 1837 768 1887 quid
793 1839 922 1877 habeo
948 1840 1056 1888 quod
1078 1840 1217 1877 faciam
1242 1853 1312 1890 pro
1338 1840 1414 1880 tuis

28 1903 68 1943 in
104 1917 167 1943 me
203 1904 358 1952 meritis,
397 1903 471 1942 nisi
502 1911 545 1942 ut
582 1916 668 1941 eam
704 1904 898 1941 fortunam
935 1917 1204 1954 quaecumque
1241 1903 1312 1943 erit
1348 1911 1415 1943 tua

29 1968 171 2007 ducam
194 1971 351 2008 meam?
405 1970 499 2006 Non
524 1981 671 2015 recuso,
696 1980 777 2006 non
802 1962 932 2006 abnuo
949 1982 960 2016 3
990 1981 1137 2017 vosque
1161 1969 1336 2017 obsecro,
1361 1969 1415 2007 iu-

29 2033 147 2081 dices,
167 2040 210 2072 ut
228 2040 353 2072 vestra
378 2032 567 2071 beneficia
595 2045 694 2082 quae
723 2032 763 2069 in
790 2045 854 2071 me
887 2032 1103 2070 contulistis
1135 2038 1202 2071 aut
1231 2031 1272 2070 in
1301 2032 1414 2071 huius

30 2099 151 2137 salute
187 2098 360 2148 augeatis
388 2105 454 2136 aut
482 2096 523 2135 in
554 2096 727 2135 eiusdem
760 2096 877 2136 exitio
908 2109 1092 2135 occasura
1121 2109 1206 2134 esse
1237 2095 1413 2136 videatis.

0 2171 15 2214 7
35 2161 111 2200 His
129 2161 293 2200 lacrimis
311 2174 392 2200 non
411 2167 588 2199 movetur
607 2159 706 2198 Milo
720 2173 731 2207 3
761 2165 817 2198 est
837 2160 1009 2208 quodam
1034 2158 1252 2197 incredibili
1276 2161 1416 2199 robore

33 2223 174 2264 animi:
203 2224 358 2263 exilium
377 2223 432 2262 ibi
450 2235 533 2262 esse
553 2229 663 2272 putat
681 2221 748 2260 ubi
767 2221 896 2260 virtuti
914 2234 996 2260 non
1015 2221 1063 2260 sit
1088 2222 1197 2259 locus
1211 2236 1224 2270 3
1250 2229 1416 2260 mortem

35 2295 192 2327 naturae
210 2289 328 2327 finem
348 2300 443 2335 esse,
463 2299 545 2326 non
563 2299 742 2336 poenam.
800 2286 878 2324 Sed
905 2285 969 2324 hic
994 2299 1040 2324 ea
1058 2292 1190 2324 mente
1210 2298 1287 2335 qua
1304 2294 1417 2325 natus

67 2386 124 2415 Yet
143 2386 159 2415 1
186 2387 301 2422 implore
328 2357 396 2391 est.
445 2349 552 2399 Quid
570 2362 651 2396 vos,
672 2349 831 2397 iudices,
854 2361 931 2399 quo
951 2349 1111 2387 tandem
1135 2347 1267 2387 animo
1287 2348 1419 2388 eritis?

37 2434 93 2461 you
120 2431 148 2455 to
175 2426 248 2461 keep
269 2435 300 2454 a·
328 2416 563 2457 Memoriam
591 2414 751 2456 Milonis
773 2414 999 2464 retinebitis,
1019 2414 1146 2466 ipsum
1173 2414 1347 2455 eicietis?
1380 2422 1419 2454 et

23 119 34 131 ⁶
76 121 171 175 perii
198 121 333 173 populi
361 121 530 161 Romani
558 127 657 169 sunt,
685 134 732 160 ea
757 132 839 159 non
868 119 994 159 solum
1022 119 1124 157 fama
1155 116 1232 156 iam
1264 117 1314 156 de
1343 116 1411 156 illo

18 182 93 228 ³sed
118 186 234 226 etiam
261 186 406 226 laetitia
435 186 659 236 peragravit.
719 186 849 234 Quam
877 186 930 223 ob
957 197 1039 223 rem
1066 182 1134 222 ubi
1166 195 1305 232 corpus
1333 182 1411 220 hoc

315 381 430 418 Haec
449 386 489 418 tu
508 392 661 418 mecum
682 391 798 428 saepe
817 377 876 417 his
896 376 1122 416 absentibus
1137 392 1148 426 3
1168 377 1237 415 sed
1257 375 1401 414 eisdem
1423 393 1472 430 99

1432 1288 1505 1313 100

1439 2182 1509 2207 101
