1540 2488
474 41 555 80 Pro
586 40 628 78 73
657 38 788 77 Annio
813 37 970 76 Milone.
1360 45 1409 83 29

157 125 441 161 consecrantur.
507 119 592 157 Vos
630 117 728 157 tanti
771 122 1083 156 conservatorem
1124 113 1271 165 populi,
1313 112 1411 152 tanti

35 186 180 228 xceleris
215 186 380 224 ultorem
416 196 498 222 non
540 183 662 221 modo
698 181 913 221 honoribus
949 179 1064 219 nullis
1100 177 1299 226 adficietis,
1339 178 1410 217 sed

26 519 75 548 ex
106 519 184 558 quo
211 506 307 544 nihil
342 504 440 555 petit
475 505 549 543 nisi
580 512 624 543 ut
655 503 888 554 ignoscatur,
924 502 1118 541 dubitaret
1147 501 1189 541 id
1218 500 1328 539 fateri
1360 514 1409 540 ex

25 584 105 623 quo
136 570 253 610 etiam
285 569 455 620 praemia
486 569 610 608 laudis
641 576 770 607 essent
797 568 999 617 petenda?
1034 566 1110 605 nisi
1143 579 1235 605 vero
1264 566 1409 616 gratius

24 642 135 687 putat
153 648 238 675 esse
256 635 379 682 vobis,
401 634 459 672 sui
481 647 522 672 se
549 633 686 684 capitis
712 646 830 683 quam
857 632 975 672 vestri
997 633 1243 671 defensorem
1269 631 1386 671 fuisse
1398 645 1411 680 ς

19 712 146 752 quum
172 698 395 750 praesertim
422 698 463 736 in
492 712 538 738 ea
565 698 821 744 confessione,
852 697 884 736 si
911 697 1008 747 grati
1036 710 1122 736 esse
1152 697 1313 744 velletis,
1344 696 1412 735 ho-

25 777 140 805 nores
168 764 442 814 adsequeretur
468 762 737 812 amplissimos.
795 761 835 801 Si
862 763 1004 800 factum
1025 762 1137 801 vobis
1164 775 1246 801 non
1273 763 1412 812 proba·
1441 787 1508 845 sl

25 835 140 877 retur,
162 827 414 881 (quamquam
434 827 499 877 quj
518 834 670 877 poterat
689 828 791 865 salus
812 839 881 865 sua
900 826 1082 876 cuiquam
1107 839 1189 866 non
1207 826 1363 877 probari
1374 811 1443 879 ?)32

15 892 95 941 ¹>sed
114 898 245 931 tamen
263 891 296 930 si
314 891 440 930 minus
459 889 656 930 fortissimi
674 890 743 930 viri
761 891 880 929 virtus
900 890 1048 930 civibus
1066 898 1174 941 grata
1193 891 1408 940 cecidisset,

14 947 168 1007 ¹magno
197 954 328 994 animo
365 954 637 1004 constantique
665 955 821 994 cederet
849 968 897 994 ex
924 956 1073 1006 ingrata
1105 955 1287 995 civitate:
1316 968 1411 994 nam

26 1020 120 1071 quid
153 1026 254 1059 esset
282 1019 466 1069 ingratius
495 1031 613 1068 quam
641 1018 776 1057 laetari
809 1026 968 1067 ceteros,
996 1021 1126 1070 lugere
1159 1033 1249 1058 eum
1281 1021 1408 1059 solum

313 1091 472 1134 propter
490 1096 606 1133 quem
626 1083 744 1122 ceteri
762 1084 1022 1122 laetarentur?
1064 1084 1313 1133 Quamquam
1332 1083 1409 1122 hoc
1428 1083 1476 1119 82

25 1131 289 1202 ὼῖςὴᾷᾗῗξῗῑῖζ
315 1147 446 1186 animo
475 1160 628 1196 semper
654 1159 791 1186 omnes
813 1146 953 1185 suimus
978 1147 1019 1185 in
1043 1146 1190 1197 patriae
1209 1145 1413 1197 proditori-

24 1213 135 1243 ΜΨ
174 1208 198 1234 ³⁵
242 1207 290 1234 ‘¹¹0
316 1212 388 1249 bus
412 1210 687 1261 opprimendis,
717 1218 770 1259 ut,
801 1211 986 1260 quoniam
1009 1218 1141 1250 nostra
1162 1213 1289 1250 futura
1310 1219 1413 1251 esset

0 1245 291 1316 fomffisssssacgffiz
317 1274 449 1324 gloria,
488 1273 701 1324 periculum
738 1287 895 1324 quoque
939 1281 979 1313 et
1015 1273 1203 1313 invidiam
1238 1282 1413 1313 nostram

0 1321 153 1386 {taff
183 1321 290 1348 stum*
317 1345 566 1388 putaremus:
603 1351 695 1376 nam
726 1351 826 1388 quae
862 1338 957 1376 mihi
986 1337 1061 1388 ipsi
1090 1339 1298 1377 tribuenda
1328 1339 1412 1377 laus

314 1408 425 1449 esset,
455 1414 576 1450 quum
603 1408 754 1439 tantum
781 1401 822 1439 in
850 1402 1054 1440 consulatu
1081 1415 1171 1440 meo
1199 1415 1270 1452 pro
1298 1402 1411 1441 vobis

25 1477 73 1503 ac
90 1463 220 1504 liberis
239 1463 375 1503 vestris
394 1477 508 1503 ausus
529 1477 666 1512 essem,
687 1463 719 1502 si
738 1463 779 1503 id
800 1465 907 1514 quod
927 1466 1098 1504 conabar
1124 1465 1209 1503 sine
1233 1465 1412 1504 maximis
1431 1497 1435 1502 .

22 1527 338 1568 dimicationibus
364 1528 460 1566 meis
484 1541 548 1567 me
574 1541 659 1567 esse
685 1542 866 1567 ausurum
891 1529 1123 1568 arbitrarer?
1153 1542 1253 1579 quae
1276 1529 1414 1568 mulier

26 1592 256 1631 sceleratum
292 1604 338 1629 ac
374 1590 634 1640 perniciosum
671 1591 796 1630 civem
833 1592 1012 1631 occidere
1047 1605 1130 1631 non
1166 1594 1340 1642 auderet,
1380 1595 1414 1634 si

24 1654 238 1706 periculum
262 1668 343 1694 non
369 1654 550 1693 timeret?
604 1655 810 1705 Proposita
837 1655 992 1702 invidia,
1020 1664 1155 1704 morte,
1182 1671 1322 1707 poena,
1345 1657 1414 1708 qui

22 1719 147 1758 nihilo
166 1719 319 1769 segnius
338 1731 419 1758 rem
441 1718 638 1769 publicam
657 1719 843 1766 defendit,
864 1719 896 1758 is
924 1720 981 1757 vir
1005 1733 1095 1758 vere
1118 1722 1314 1770 putandus
1340 1729 1408 1760 est.

27 1782 167 1834 Populi
183 1782 282 1833 grati
303 1789 362 1821 est
383 1782 562 1832 praemiis
589 1784 758 1822 adficere
786 1784 888 1822 bene
918 1783 1076 1822 meritos
1106 1785 1158 1823 de
1190 1797 1231 1823 re
1253 1785 1412 1834 publica

0 1853 3 1858 ’
25 1846 130 1886 cives
142 1859 154 1894 3
182 1845 252 1884 viri
274 1845 381 1884 fortis
404 1858 455 1884 ne
484 1846 680 1895 suppliciis
701 1847 859 1896 quidem
878 1847 1025 1885 moveri
1045 1854 1087 1886 ut
1106 1848 1255 1886 fortiter
1272 1848 1410 1887 secisse

19 1909 234 1962 poeniteat.
307 1910 435 1957 Quam
472 1911 524 1948 ob
560 1923 643 1948 rem
686 1918 862 1949 uteretur.
901 1912 1040 1949 eadem
1078 1911 1323 1950 confessione
1359 1913 1406 1951 T.
1428 1912 1477 1959 83

27 1974 177 2013 Annius
203 1986 281 2023 qua
306 1974 443 2020 Ahala,
466 1986 543 2023 qua
566 1973 721 2020 Nasica,
747 1971 823 2022 qu‘a
843 1974 1034 2023 Opimius,
1056 1987 1133 2024 qua
1152 1975 1311 2022 Marius,
1333 1988 1412 2025 qua

2 2047 10 2082 ,ζ
26 2045 182 2078 nosmet
199 2037 273 2087 ipsi
289 2052 301 2086 3
326 2046 365 2076 et
384 2037 415 2076 si
429 2045 537 2086 grata
554 2050 615 2076 res
633 2037 792 2087 publica
811 2045 924 2085 esset,
946 2039 1152 2076 laetaretur
1163 2053 1175 2087 3
1199 2039 1230 2077 si
1249 2039 1408 2090 ingrata,

58 2138 290 2166 Budua-”thom
316 2108 447 2140 tamen
473 2101 513 2139 in
541 2102 647 2151 gravi
669 2103 822 2140 fortuna
853 2102 1094 2140 conscientia
1119 2115 1187 2141 sua
1214 2103 1409 2144 niteretur.

25 2176 218 2203 thankfulness
247 2176 290 2218 *is
316 2165 393 2202 Sed
421 2164 532 2202 huius
561 2165 740 2203 beneficii
769 2165 942 2214 gratiam,
974 2165 1133 2213 iudices,
1161 2168 1314 2206 fortuna
1343 2181 1412 2218 po-

26 2213 292 2278 ξζῗῐζῖξὲοάἲαγξΐὲ
320 2226 402 2276 puli
430 2227 601 2266 Romani
629 2234 668 2266 et
694 2234 822 2266 vestra
848 2227 1009 2266 felicitas
1039 2236 1077 2267 et
1105 2228 1146 2267 di
1176 2229 1412 2270 immortales

27 2289 292 2354 fflffigwffi}
319 2291 393 2330 sibi
429 2291 564 2330 deberi
599 2299 760 2342 putant:
797 2305 874 2331 nec
917 2306 1010 2332 vero
1056 2293 1261 2344 quisquam
1304 2295 1414 2334 aliter

26 2363 167 2397 eitytoioe
177 2369 289 2397 present
315 2355 489 2396 arbitrari
518 2362 659 2405 potest,
690 2355 765 2394 nisi
802 2356 869 2406 qui
897 2359 1044 2395 nullam
1081 2358 1159 2396 vim
1191 2371 1276 2397 esse
1306 2358 1413 2398 ducit

28 2401 115 2436 ⁸¹⁸⁸*
317 2433 511 2460 numenve
547 2419 722 2459 divinum
733 2433 746 2469 ,-
785 2433 902 2471 quem
938 2434 1068 2472 neque
1104 2422 1270 2473 imperii
1289 2423 1412 2463 nostri
