1540 2488
165 50 214 97 36
657 51 718 90 M
753 52 795 90 71
829 51 1010 91 Ciceronis
1443 0 1502 118 ἶ

162 142 261 204 pugg„
283 142 340 198 531
364 133 425 197 ἐξ
451 125 522 165 erit
539 125 689 176 dignior
705 128 813 167 locus
830 130 928 168 ullus
946 129 985 168 in
1003 130 1109 170 terris
1133 131 1199 182 qui
1222 132 1323 173 hanc
1340 133 1437 176 virtu
1491 123 1501 141 ³
1535 121 1536 124 Ἴ

162 208 254 235 who„
300 217 422 241 mmm.
448 188 613 239 excipiat
634 202 750 238 quam
776 191 840 229 hic
864 191 930 240 qui
956 193 1167 241 procreavit
1180 196 1199 233 Ρ
1249 196 1332 235 Vos
1357 209 1427 236 vos

161 254 227 309 ζῇς,
237 245 423 315 ζζξὲεξὴοήεὴ
449 253 563 301 pello,
590 252 784 291 fortissimi
809 252 888 302 vixi,
917 254 982 304 qui
1009 256 1170 294 multum
1199 269 1269 306 pro
1294 270 1335 297 re
1363 252 1502 308 pub'*

400 362 407 367 .
445 313 667 363 sanguinem
686 314 871 354 effudistis
884 330 896 364 ;
924 329 992 355 vos
1010 316 1051 355 in
1075 317 1142 356 viri
1162 326 1200 357 et
1218 318 1257 357 in
1275 318 1367 358 civis
1385 319 1425 359 in
1452 319 1461 328 ⁰
1500 322 1531 371 ’ὁ

159 375 328 423 periculo
352 378 515 426 appello,
536 376 788 424 centuriones,
807 391 963 428 vosque,
983 379 1121 418 milites
1133 395 1145 428 ς
1162 381 1271 420 vobis
1301 395 1381 421 non
1399 373 1540 435 ιιιοςῌ»Ι

158 435 458 486 inspectantibus
477 440 546 478 sed
567 438 682 478 etiam
708 439 861 478 armatis
882 449 920 479 et
944 441 1033 480 huic
1057 441 1199 482 iudicio
1216 444 1540 500 praesidentibus

157 499 254 538 haec
281 508 386 540 tanta
409 502 525 541 virtus
557 515 605 541 ex
631 503 704 541 hac
728 504 821 542 urbe
851 505 1058 553 expelletur
1089 506 1397 560 exterminabitur
1420 520 1447 558 p
1474 505 1503 541 ι’
1535 507 1537 510 ’

447 565 567 604 cietur
579 567 597 604 Ρ
651 567 687 605 O
706 579 769 605 me
787 566 977 615 miserum,
997 581 1021 606 0
1039 581 1102 607 me
1120 569 1309 608 infelicem
1325 573 1333 610 1
1392 572 1540 614 Rem-¹

190 631 418 658 CanitbethatI
446 640 532 666 care
559 634 599 666 tu
627 641 689 666 me
717 628 757 666 in
792 628 962 678 patriam,
994 630 1103 678 Milo,
1131 631 1287 680 potuisti
1322 645 1392 682 per
1420 633 1516 684 hos)

156 667 308 738 ξέζῖξῗξέ
320 675 420 738 {⁸33²ssss
448 703 520 740 ego
538 697 576 729 te
594 690 634 728 in
661 690 781 740 patria
805 704 873 741 per
891 693 1048 730 eosdem
1075 692 1236 732 retinere
1253 706 1333 732 non
1350 701 1485 744 potero
1497 696 1540 739 Ρ»,

157 742 419 776 ⁶¹⁶“i⁰¹¹⁵’⁰¹¹¹y‘⁰
447 752 551 800 Quid
582 755 827 803 respondebo
862 754 988 793 liberis
1023 756 1128 803 meis,
1158 756 1224 806 qui
1253 764 1291 796 te
1318 765 1528 807 parentem

155 780 419 880 38,ῖὲπὶῗέξέἶῖῑὲ
445 817 605 854 alterum
623 820 786 866 putant?
809 817 902 867 quid
920 818 1000 866 tibi,
1022 819 1165 867 Quinte
1186 820 1309 868 frater,
1330 819 1396 870 qui
1412 833 1491 860 nun
1522 822 1536 871 Ϊὲ

155 855 418 923 ὧοεςιω-«ιοὲῗωωωᾱ
443 880 546 926 abes,
576 879 744 918 consorti
771 893 924 919 mecum
951 888 1166 931 temporum
1195 882 1375 922 illorum?
1401 896 1481 922 m·
1501 882 1527 934 «ᾗ

441 955 522 981 non
554 942 724 992 potuisse
757 944 916 983 Milonis
944 946 1103 983 salutem
1139 946 1234 984 tueri
1262 959 1331 996 per
1357 948 1466 987 eosd
1485 966 1504 981 ι·

153 1015 222 1052 per
240 1015 336 1052 quos
361 1011 531 1043 nostram
554 1005 617 1044 ille
642 1008 857 1045 servasset?
883 1013 923 1044 at
941 1006 980 1045 in
1000 1020 1076 1056 qua
1093 1021 1208 1047 causa
1221 1022 1300 1048 non
1319 1010 1517 1060 potuisse?

153 1080 253 1117 quae
275 1076 333 1108 est
359 1077 465 1119 grata
490 1071 668 1119 gentibus
688 1070 712 1095 ‘¹‘
735 1069 757 1091 *²
782 1083 863 1109 non
889 1072 1088 1120 potuisse?
1116 1072 1161 1111 iis
1188 1073 1252 1123 qui
1279 1074 1443 1114 maxime
1470 1067 1540 1115 ΡΣἕ

154 1130 283 1170 Clodii
300 1139 422 1171 morte
440 1132 688 1182 acquierunt:
708 1145 786 1182 quo
804 1134 1063 1183 deprecante?
1087 1148 1162 1174 me.
1216 1137 1424 1185 Quodnam
1441 1130 1540 1189 egos}

153 1193 315 1244 concepi
333 1201 480 1233 tantum
499 1196 622 1233 scelus
641 1202 707 1233 aut
731 1196 838 1245 quod
864 1196 904 1234 in
930 1209 991 1235 me
1017 1204 1165 1236 tantum
1192 1199 1338 1239 facinus
1363 1191 1540 1259 admisis}

152 1257 309 1306 iudices,
340 1271 458 1308 quum
486 1258 550 1297 illa
579 1258 722 1298 indicia
753 1261 966 1299 communis
1003 1261 1106 1300 exitii
1141 1261 1317 1312 indagavi
1351 1262 1540 1316 patefeci}

231 1362 238 1368 ,
376 1361 384 1368 ‚
441 1321 582 1371 protuli
608 1322 802 1361 exstinxi?
855 1325 1001 1363 Omnes
1028 1323 1068 1362 in
1085 1337 1148 1363 me
1170 1338 1353 1376 meosque
1378 1319 1540 1386 redum}

152 1362 359 1426 ᾱεῖἒωηζζῗςὲω
368 1371 415 1432 1¹11}
442 1384 536 1422 dant
554 1396 602 1421 ex
620 1385 727 1422 fonte
745 1384 811 1423 illo
829 1386 992 1425 dolores.
1032 1386 1137 1435 Quid
1156 1400 1218 1426 me
1231 1389 1411 1428 reducem
1429 1388 1540 1450 εωοΞ

151 1437 414 1500 ζξὲἲῗδῑξξακζζζξ
441 1447 642 1486 voluistis?
676 1461 726 1486 an
754 1455 797 1487 ut
828 1449 1066 1499 inspectante
1094 1465 1157 1491 me
1186 1454 1462 1503 expellerentur
1486 1449 1540 1494 ii*

151 1520 198 1544 my
232 1549 238 1555 .
269 1511 415 1544 departure
442 1523 510 1559 per
536 1523 633 1559 quos
661 1523 784 1549 essem
810 1513 1029 1552 restitutus?
1082 1516 1225 1563 Nolite,
1246 1518 1406 1557 obsecro
1430 1530 1508 1567 vos,
1521 1487 1540 1550 Ξ

150 1550 261 1576 ‘'⁰⁰²¹“
440 1574 676 1612 acerbiorem
706 1575 800 1613 mihi
828 1575 907 1625 pati
942 1577 1104 1616 reditum
1142 1591 1224 1617 esse
1256 1591 1371 1629 quam
1401 1576 1531 1620 suerit*-

150 1636 213 1675 ille
247 1635 330 1686 ipse
366 1637 579 1676 discessus:
614 1650 706 1676 nam
742 1638 807 1688 qui
842 1652 998 1689 possum
1033 1648 1166 1690 putare
1201 1654 1263 1681 me
1298 1574 1540 1698 restitutum}

73 1709 130 1767 38
151 1711 244 1748 esse,
274 1699 306 1738 si
338 1700 524 1738 distrahar
551 1701 601 1738 ab
637 1700 682 1739 iis
718 1713 787 1750 per
822 1715 919 1751 quos
954 1703 1145 1743 restitutus
1181 1708 1297 1744 sum?
1350 1699 1540 1746 Utinam?

185 1787 217 1814 n·
267 1787 289 1814 it
337 1796 409 1813 were
437 1759 477 1798 di
496 1759 727 1798 immortales
745 1760 922 1800 fecissent
942 1763 1053 1812 (pace
1078 1770 1152 1811 tua,
1173 1765 1306 1814 patria,
1324 1765 1483 1804 dixerim
1496 1781 1507 1815 3

151 1825 408 1868 notunvatrioti021
436 1829 568 1860 metuo
596 1822 699 1861 enim
727 1836 777 1862 ne
806 1825 987 1864 scelerate
1017 1825 1142 1864 dicam
1162 1826 1199 1865 in
1233 1835 1269 1867 te
1300 1829 1406 1877 quod
1437 1841 1507 1879 pro

151 1862 411 1931 ffiffigffiffiswissli
438 1885 587 1924 Milone
608 1885 733 1924 dicam
761 1886 839 1937 pie)
864 1887 1009 1926 utinam
1033 1890 1073 1927 P.
1102 1890 1262 1929 Clodius
1286 1903 1365 1930 non
1389 1893 1507 1932 modo
1538 1883 1540 1885 ’

151 1937 216 1969 ‘'¹¹¹''
251 1937 332 1969 'five'
362 1937 411 1963 ¹²⁰²
433 1947 590 1996 viveret,
625 1950 694 1987 sed
725 1950 840 1988 etiam
871 1958 1024 2000 praetor
1051 1953 1186 1990 consul
1214 1953 1378 1993 dictator
1407 1963 1507 1995 esset
1531 1958 1536 1968 ³

169 1980 249 2000 rator
306 1974 409 2006 consul,
1538 2006 1540 2010 Ι

150 1983 274 2042 Ξῐωῑοῖ,
292 2020 410 2044 -any-
436 2010 564 2059 potius
599 2023 715 2060 quam
750 2012 825 2050 hoc
860 2015 1117 2062 spectaculum
1159 2015 1337 2056 viderem.
1394 2020 1431 2059 Ο
1466 2014 1540 2061 dii

151 2048 236 2080 thing,
245 2048 410 2074 ratberthan
440 2071 447 2078 ,
1049 2077 1056 2083 .
1112 2077 1119 2084 .
1179 2077 1187 2085 .

151 2084 259 2110 witnes-
280 2084 348 2111 such
374 2094 411 2111 aa
438 2074 692 2111 immortales!
716 2074 853 2113 fortem
872 2083 911 2113 et
927 2089 951 2114 a
968 2077 1089 2124 vobis,
1110 2078 1265 2126 iudices,
1285 2092 1508 2121 conservan-

150 2126 241 2149 ΜΝ·
441 2135 533 2172 dum
559 2134 707 2174 virum!
745 2136 942 2185 ‘Minime,
970 2138 1151 2186 minime,'
1178 2139 1328 2190 inquit}
1364 2143 1506 2184 ‘immo

148 2210 238 2236 vero
256 2210 402 2247 poenas
420 2197 483 2236 ille
501 2198 650 2237 debitas
667 2199 779 2238 luerit
792 2214 804 2247 3
821 2213 893 2239 nos
911 2202 1125 2250 subeamus,
1141 2202 1173 2241 si
1189 2202 1243 2242 ita
1259 2217 1418 2250 necesse
1435 2215 1504 2256 est,
1530 2223 1540 2233 Δ

178 2299 244 2326 wu
400 2300 410 2327 ι
435 2273 515 2299 non
543 2261 717 2300 debitas'
771 2262 914 2302 Hicine
949 2263 1006 2302 vir
1039 2265 1183 2314 patriae
1207 2275 1319 2307 natus
1343 2281 1506 2320 usquam
1531 2259 1540 2322 4

147 2335 203 2363 mm
217 2309 311 2363 ζυὴζῗζ
325 2308 410 2370 ἓξ,
434 2322 507 2360 nisi
534 2322 575 2361 in
605 2323 727 2373 patria
752 2324 934 2364 morietur
962 2333 1039 2374 aut,
1068 2326 1101 2365 si
1126 2328 1234 2375 forte,
1262 2341 1333 2380 pro
1358 2331 1504 2381 patria?
1535 2348 1540 2355 -’

147 2373 225 2400 ⁰²¹⁴“
242 2374 298 2407 ἀΰ
315 2375 405 2402 ”⁰⁰¹⁶
433 2384 560 2424 Huius
586 2398 656 2424 vos
674 2385 791 2425 animi
812 2395 1061 2428 monumenta
1077 2389 1286 2439 retinebitis
1296 2405 1315 2442 ς
1335 2393 1504 2446 οοῳοτίι
