1540 2488
453 34 535 73 Pro
566 34 609 72 7:
637 32 769 72 Annio
795 34 950 72 Milone.
1055 38 1058 41 “
1366 51 1408 77 rr

15 116 103 154 ΜΝ
131 123 238 189 killed&
263 133 294 151 *-
323 123 390 175 qui
420 124 552 163 animo
574 122 681 163 fideli
702 122 743 162 in
768 122 973 162 dominum
998 129 1037 161 et
1055 120 1248 172 praesenti
1266 122 1420 160 fuerunt

13 163 162 245 ³:32⁰
172 171 297 233 (31οάῗὲ
323 192 464 244 partim
491 190 610 231 occisi
639 198 739 238 sunt,
766 190 918 240 partim,
940 202 1061 240 quum
1089 189 1142 228 ad
1168 189 1304 227 redam
1327 201 1420 239 pug-

28 238 295 311 ἓζῖζῦἱωὲἒῗὲῗ
320 256 403 295 nari
431 255 617 302 viderent,
659 254 822 293 domino
860 265 1079 292 succurrere
1110 252 1419 303 prohiberentur,

29 316 106 343 “²²⁰
117 315 163 342 ‘³⁰’
321 321 514 359 Milonem
539 319 712 358 occisum
738 327 776 358 et
805 331 854 357 ex
875 317 962 368 ipso
996 317 1140 356 Clodio
1170 316 1348 355 audirent
1378 325 1417 356 et

28 398 163 426 revera.
190 392 381 436 putarent,
415 385 589 423 fecerunt
621 383 661 421 id
688 382 787 421 servi
825 381 986 420 Milonis
1021 381 1166 434 (dicam
1197 380 1301 420 enim
1332 394 1415 421 non

27 449 232 499 derivandi
251 448 420 487 criminis
438 460 567 494 causa,
589 447 659 485 sed
678 454 720 485 ut
739 448 884 484 factum
904 444 990 495 est),
1011 458 1087 483 nec
1106 445 1321 495 imperante
1339 456 1414 484 nec

22 511 178 555 'sciente
208 525 283 551 nec
314 518 520 562 praesente
549 510 723 557 domino,
756 510 864 559 quod
895 522 986 548 suos
1019 509 1184 559 quisque
1211 522 1344 548 servos
1374 509 1414 548 in

29 575 99 616 tali
116 589 158 615 re
176 577 304 614 facere
323 575 519 614 voluisset.

31 663 222 691 'Statement
239 663 276 690 of
373 640 488 677 Haec
525 638 624 677 sicut
661 638 822 688 exposui
858 637 913 676 ita
948 644 1058 687 gesta
1096 644 1196 683 sunt,
1237 636 1482 690 iudices:30

34 719 40 724 ·
67 708 205 745 t-behne
220 708 257 735 of
317 701 519 740 insidiator
550 709 751 751 superatus
774 710 851 748 -est,
883 702 920 739 vi
950 701 1053 739 victa
1082 701 1150 747 vis,
1186 701 1250 739 vel
1280 700 1412 750 potius

61 752 293 828 Affiexzmes
320 778 506 815 oppressa
535 765 675 804 virtute
704 766 869 804 audacia
905 773 974 804 est.
1042 765 1152 803 Nihil
1189 764 1279 803 dico
1318 765 1414 814 quid

29 839 78 868 the
154 840 291 873 question,
319 842 380 867 res
412 829 570 879 publica
599 837 811 868 consecuta
848 829 907 876 sit,
939 828 1035 867 nihil
1068 829 1164 878 quid
1200 842 1282 876 vos,
1317 829 1414 867 nihil

28 878 154 907 whether
173 879 227 904 this
248 884 293 904 act
377 894 384 900 .
698 893 706 900 .
819 893 826 899 .
861 893 867 899 .
1041 894 1048 901 .
1205 893 1211 900 .
1307 893 1314 900 .
1390 894 1398 900 .

29 921 88 944 ω
135 916 210 948 figh,
262 924 294 942 ο,
321 894 415 943 quid
444 906 581 932 omnes
612 895 718 932 bom.
776 894 884 931 N1h1l
915 906 1008 932 sane
1038 894 1079 931 id
1108 901 1231 943 prosit
1257 895 1411 941 Miloni,

28 961 134 987 *¹⁰⁰8*
163 953 290 980 ¹¹¹¹²d⁶‘·
319 956 386 1006 qui
413 957 491 995 hoc
517 958 597 995 fato
625 964 740 995 natus
769 964 826 995 est
853 964 896 995 ut
928 970 978 995 ne
1005 970 1046 996 se
1075 957 1234 1007 quidem
1262 970 1413 996 servare

29 991 292 1061 akisstgggffiytgzg
318 1021 498 1072 potuerit,
533 1021 627 1071 quin
660 1034 738 1060 una
765 1034 847 1060 rem
875 1021 1073 1071 publicam
1102 1034 1251 1071 vosque
1289 1034 1413 1060 serva-

28 1065 261 1100 findinghimsels
264 1075 292 1092 a-
473 1085 480 1091 .
512 1085 520 1092 .
579 1084 586 1091 .
753 1084 760 1091 .
983 1084 990 1090 .
1072 1084 1079 1090 .
1113 1085 1119 1090 .

28 1104 292 1139 „hstadeepqajd
318 1092 386 1124 ret.
443 1086 483 1124 S1
510 1086 551 1124 id
576 1098 656 1123 mre
681 1086 764 1123 fieri
781 1097 863 1123 non
881 1092 1019 1134 potuit,
1041 1085 1137 1122 n1h11
1155 1085 1284 1123 habeo
1304 1086 1412 1134 quod

28 1142 257 1177 '⁸⁰¹⁰‘Cl0di‘ss‘
319 1151 553 1189 defendam:
588 1149 648 1188 sin
674 1150 752 1188 hoc
780 1159 819 1188 et
845 1149 943 1187 ratio
972 1149 1098 1187 doctis
1131 1157 1171 1187 et
1201 1149 1411 1188 necessitas

30 1214 202 1254 barbaris
222 1222 260 1254 et
277 1228 364 1253 mos
389 1214 569 1264 gentibus
597 1222 634 1253 et
658 1214 747 1252 feris
768 1214 885 1253 etiam
902 1214 1026 1252 beluis
1046 1221 1182 1252 natura
1200 1214 1286 1263 ipsa
1303 1227 1412 1263 prae-

33 1278 195 1328 scripsit,
224 1286 268 1317 ut
295 1291 452 1317 omnem
483 1291 636 1328 semper
664 1278 755 1325 vim,
791 1290 1037 1327 quacumque
1070 1290 1146 1326 ope
1182 1285 1356 1327 possent,
1388 1292 1412 1317 a

30 1354 205 1393 corpore,
233 1356 258 1381 a
288 1342 427 1392 capite,
454 1355 478 1380 a
501 1342 581 1380 vita
613 1355 682 1380 sua
710 1342 992 1391 propulsarent,
1021 1353 1103 1379 non
1139 1341 1303 1390 potestis
1334 1342 1412 1381 hoc

30 1406 180 1445 facinus
208 1406 427 1456 improbum
459 1405 641 1452 iudicare,
671 1405 766 1454 quin
793 1406 907 1443 simul
935 1405 1113 1443 iudicetis
1142 1405 1322 1444 omnibus
1343 1408 1410 1457 qui

30 1469 74 1510 in
104 1471 272 1509 latrones
302 1469 507 1508 inciderint
535 1477 602 1508 aut
635 1470 788 1507 illorum
818 1469 904 1507 telis
941 1476 1008 1507 aut
1042 1469 1178 1508 vestris
1207 1470 1410 1509 sententiis

0 1555 1 1579 ς
33 1545 118 1574 esse
132 1535 383 1585 pereundum.
443 1534 562 1582 Quod
582 1533 614 1572 si
638 1533 692 1571 ita
710 1540 894 1583 putasset,
916 1540 1020 1571 certe
1038 1532 1246 1582 optabilius
1266 1534 1407 1573 Miloni
1431 1550 1475 1587 31

18 1598 104 1641 uruit
138 1598 231 1655 dare
260 1598 431 1647 iugulum
462 1599 504 1635 P.
539 1597 694 1645 Clodio,
726 1610 807 1635 non
844 1597 965 1635 semel
994 1597 1045 1635 ab
1074 1596 1141 1635 illo
1173 1609 1302 1647 neque
1327 1605 1419 1648 tum,

21 1651 199 1712 *primum
217 1662 391 1712 petitum,
413 1674 531 1711 quam
549 1660 710 1711 iugulari
728 1673 752 1698 a
769 1660 893 1707 vobis,
910 1660 1001 1710 quia
1020 1674 1061 1700 se
1080 1661 1135 1699 illi
1146 1674 1227 1700 non
1241 1662 1413 1712 iugulan-

24 1726 128 1765 ⁷dum
155 1725 389 1764 tradidisset.
443 1725 510 1763 Sin
537 1726 614 1764 hoc
640 1737 758 1763 nemo
784 1732 956 1763 vestrum
983 1725 1037 1763 ita
1064 1726 1191 1772 sentit,
1211 1739 1293 1765 non
1317 1726 1412 1766 illud

0 1782 2 1793 '
28 1787 113 1829 riam
138 1789 179 1828 in
206 1789 391 1828 iudicium
419 1789 536 1836 venit,
566 1789 769 1827 occisusne
797 1788 856 1835 sit,
887 1789 994 1838 quod
1021 1789 1195 1836 fatemur,
1226 1790 1295 1828 sed
1331 1790 1414 1830 iure

0 1861 4 1886 ³
22 1863 87 1891 an
103 1852 250 1899 iniuria,
265 1853 372 1903 quod
390 1852 520 1891 multis
539 1852 580 1890 in
599 1852 724 1891 causis
744 1865 861 1902 saepe
880 1851 1099 1902 quaesitum
1119 1860 1187 1891 est.
1246 1853 1415 1893 Insidias

28 1916 155 1958 fictas
174 1929 259 1956 esse
286 1924 439 1956 constat
451 1932 463 1966 3
492 1924 530 1955 et
557 1917 597 1955 id
626 1923 686 1955 est
711 1917 818 1966 quod
851 1924 1006 1954 senatus
1035 1923 1170 1954 contra
1193 1929 1274 1955 rem
1293 1919 1417 1967 publi-

30 1983 124 2023 icam
159 1982 304 2020 sactum
334 1980 541 2020 iudicavit:
572 1981 622 2018 ab
654 1988 742 2018 utro
772 1981 896 2018 sactae
927 1979 1003 2018 sint
1033 1979 1223 2018 incertum
1251 1988 1310 2019 est
1325 1995 1337 2029 ;
1364 1982 1415 2020 de

27 2040 115 2099 ῥοῦ
139 2045 253 2096 igitur
277 2047 399 2084 latum
427 2048 493 2084 est'
511 2052 555 2084 ut
583 2052 839 2095 quaereretur.
897 2046 960 2082 Ita
988 2051 1027 2082 et
1054 2051 1210 2082 senatus
1235 2057 1318 2083 rem
1335 2057 1417 2084 non

23 2099 238 2166 *fhominem
264 2109 427 2156 notavit,
449 2117 487 2147 et
516 2109 726 2158 Pompeius
754 2110 805 2147 de
833 2108 913 2147 iure
931 2121 1013 2146 non
1032 2109 1082 2146 de
1101 2109 1203 2146 facto
1223 2109 1416 2158 quaestio-

23 2166 131 2227 Jsnem
159 2172 254 2213 tulit.
311 2175 419 2211 Num
447 2172 541 2222 quid
568 2173 682 2223 igitur
709 2173 814 2212 aliud
841 2172 882 2210 in
904 2171 1090 2210 iudicium
1115 2172 1221 2211 venit
1239 2172 1313 2210 nisi
1331 2179 1417 2210 uter

24 2227 115 2278 futri
139 2237 300 2276 insidias
327 2237 488 2276 fecerit?
515 2238 690 2286 profecto
725 2236 844 2276 nihil:
873 2235 906 2274 si
932 2236 997 2274 hic
1033 2235 1098 2283 illi,
1124 2243 1168 2275 ut
1196 2249 1247 2275 ne
1276 2235 1325 2275 sit
1352 2235 1420 2274 im-

39 2312 169 2353 pune5
196 2300 228 2339 si
245 2300 311 2340 ille
328 2301 429 2348 huic,
450 2307 492 2339 ut
511 2301 654 2339 scelere
675 2301 878 2338 solvamur.

0 2368 20 2404 2
66 2384 154 2413 m
166 2385 273 2421 Argu·
383 2365 566 2413 Quonam
602 2363 717 2414 igitur
750 2371 868 2413 pacto
904 2362 1059 2414 probari
1094 2370 1226 2414 potest
1262 2363 1420 2404 insidias
1439 2383 1460 2418 3
1468 2384 1487 2408 2

122 2430 228 2457 ”²2⁰¹-
333 2428 476 2467 Miloni
505 2427 643 2466 fecisse
675 2427 889 2467 Clodium?
940 2427 1040 2467 Satis
1077 2434 1137 2466 est
1171 2427 1213 2467 in
1243 2428 1311 2467 illa
1341 2429 1422 2480 qui·
