1540 2488
138 55 163 91 4
638 41 698 80 M.
732 42 774 79 7:
809 39 989 78 Ciceronis

138 117 396 168 prodiderunt,
427 132 515 158 eum
542 118 607 169 qui
634 119 749 169 patris
775 118 984 159 ulciscendi
1005 133 1120 159 causa
1140 127 1300 160 matrem
1325 120 1494 161 necavis-

137 187 204 227 set,
231 181 382 220 variatis
404 182 604 220 hominum
627 182 832 230 sententiis,
866 195 946 221 non
973 185 1096 222 solum
1123 184 1254 223 divina
1279 185 1349 224 sed
1377 184 1493 224 etiam
1520 191 1522 193 '

137 242 438 292 sapientissimae
461 244 557 282 deae
587 244 775 283 sententia
803 245 1012 286 liberatum.
1070 247 1188 295 Quod
1220 248 1251 286 si
1284 247 1490 287 duodecim
1506 253 1532 295 9

136 306 289 344 tabulae
318 313 547 344 nocturnum
580 308 707 347 furem
732 321 889 358 quoquo
920 309 1051 357 modo,
1084 309 1261 348 diurnum
1288 317 1416 349 autem
1458 310 1491 350 si

135 382 177 408 se
210 371 287 407 telo
322 370 554 416 defenderet,
588 370 748 409 interfici
781 371 936 421 impune
968 373 1178 419 voluerunt,
1213 371 1298 422 quis
1329 379 1387 412 est
1413 372 1491 424 qui,

134 445 292 481 quoquo
330 433 449 471 modo
490 433 574 482 quis
612 433 829 473 interfectus
861 434 918 482 sit,
953 435 1189 484 puniendum
1221 442 1339 485 putet,
1373 449 1492 487 quum

134 496 262 534 videat
285 497 492 547 aliquando
517 498 684 548 gladium
707 496 818 535 nobis
847 498 897 536 ad
929 497 1185 536 occidendum
1217 498 1412 537 hominem
1439 501 1490 539 ab

85 567 117 611 4
135 558 224 609 ipsis
242 560 381 611 porrigi
399 562 573 611 legibus?
624 560 743 610 Atqui
769 559 798 598 si
824 567 974 609 tempus
999 567 1056 598 est
1079 562 1198 599 ullum
1222 560 1301 600 iure
1326 561 1492 601 hominis

165 654 229 680 And
236 654 395 687 whatjusti-
423 624 597 670 necandi,
611 637 709 673 quae
724 624 842 660 multa
861 630 959 670 sunt,
973 630 1074 661 certe
1093 623 1186 662 illud
1204 630 1262 662 est
1275 636 1356 662 non
1370 624 1489 663 modo

132 690 241 717 fimtion
273 700 323 734 §an
358 692 391 717 be
419 687 569 733 iustum,
602 699 733 724 verum
769 685 883 724 etiam
915 685 1179 734 necessarium,
1213 698 1331 735 quum
1362 685 1401 724 vi
1431 685 1491 725 vis

132 737 207 791 3¹22?
219 728 393 792 οἲᾶιζῖιῖ-Ἇῖῗ
420 751 522 789 illata
541 749 763 788 defenditur.
821 748 1048 787 Pudicitiam
1067 761 1186 798 quum
1204 749 1364 799 eriperet
1381 748 1491 788 militi

131 803 227 830 “¹¹⁰‘’
420 814 591 852 tribunus
610 812 777 850 militaris
796 811 836 849 in
855 811 1020 850 exercitu
1043 813 1086 851 C.
1111 811 1234 859 Marii,
1254 811 1490 862 propinquus

131 876 212 915 eius
236 875 484 926 imperatoris,
514 875 733 913 interfectus
761 875 810 912 ab
843 886 890 912 eo
915 881 971 912 est
999 873 1060 911 cui
1088 873 1165 911 vim
1194 874 1413 922 adserebat5
1439 874 1489 913 fa-

130 954 216 979 cere
244 941 346 979 enim
373 941 515 989 probus
539 939 763 976 adulescens
795 936 1005 987 periculose
1030 950 1145 986 quarn
1168 937 1315 986 perpeti
1332 937 1489 987 turpiter

129 1002 284 1041 maluit:
312 1010 427 1052 atque
458 1003 561 1039 hunc
589 1001 652 1039 ille
675 1013 844 1039 summus
871 999 926 1038 vir
954 1001 1096 1038 scelere
1124 1000 1289 1038 solutum
1315 1000 1484 1050 periculo

130 1064 311 1104 liberavit.
370 1063 588 1102 Insidiatori
606 1076 696 1102 vero
715 1070 753 1101 et
772 1062 910 1101 latroni
928 1075 1026 1111 quae
1045 1068 1172 1111 potest
1193 1061 1320 1101 inferri
1343 1063 1480 1103 iniusta
1506 1076 1520 1100 r

129 1129 232 1167 nex?
285 1126 389 1175 Quid
409 1126 610 1165 comitatus
629 1125 758 1171 nostri,
779 1125 871 1175 quid
895 1124 1011 1174 gladii
1034 1126 1196 1164 volunt?
1223 1138 1319 1175 quos
1343 1127 1484 1165 habere

129 1200 231 1231 certe
263 1204 344 1229 non
377 1190 518 1236 liceret,
550 1189 582 1227 si
614 1188 669 1227 uti
702 1188 772 1226 illis
805 1189 911 1227 nullo
944 1195 1058 1238 pacto
1085 1188 1224 1228 liceret.
1281 1191 1350 1227 Est
1377 1188 1488 1239 igitur

415 1254 522 1299 haec,
543 1251 697 1299 iudices,
720 1264 799 1289 non
818 1250 957 1300 scripta
978 1252 1047 1290 sed
1069 1258 1159 1290 nata
1180 1253 1251 1300 lex,
1273 1265 1388 1302 quam
1406 1266 1484 1293 non

127 1302 388 1372 ᾗῗζζῗξζξέᾓζᾞξὲ
415 1315 616 1354 didicimus
631 1314 847 1364 accepimus
867 1314 1037 1364 legimus,
1051 1328 1181 1354 verum
1193 1329 1241 1354 ex
1259 1323 1392 1355 natura
1405 1316 1488 1367 ipsa

128 1379 270 1442 ”ffb-“¹⁵54
288 1387 389 1411 ”90⁰²
414 1378 636 1428 arripuimus
663 1376 856 1415 hausimus
884 1377 1135 1427 expressimus
1147 1391 1160 1425 3
1187 1378 1239 1416 ad
1266 1391 1381 1428 quam
1406 1391 1487 1418 non

128 1423 233 1443 ”nmen
255 1425 303 1441 ‘W'
416 1441 524 1479 docti
551 1441 619 1479 sed
647 1439 746 1485 facti,
776 1451 855 1477 non
883 1439 1043 1478 instituti
1069 1441 1138 1478 sed
1175 1440 1312 1479 imbuti
1344 1454 1485 1489 sumus,

126 1514 178 1555 ut,
208 1506 240 1545 si
266 1506 344 1544 vita
370 1512 500 1543 nostra
526 1504 566 1542 in
592 1503 738 1552 aliquas
764 1502 930 1550 insidias,
962 1502 993 1541 si
1020 1502 1060 1541 in
1086 1502 1164 1541 vim
1190 1511 1230 1542 et
1256 1503 1296 1542 in
1313 1506 1398 1545 ,tela
1420 1514 1486 1545 aut

127 1572 319 1609 latronum
341 1576 408 1607 aut
432 1567 675 1606 inimicorum
700 1565 909 1613 incidisset,
936 1566 1061 1604 omnis
1079 1567 1244 1606 honesta
1267 1568 1364 1607 ratio
1382 1577 1484 1608 esset

127 1633 391 1683 expediendae
411 1631 551 1669 salutis.
607 1630 728 1669 Silent
746 1629 851 1667 enim
870 1630 973 1679 leges
993 1629 1093 1668 inter
1109 1643 1228 1678 arma,
1256 1643 1330 1670 nec
1354 1645 1396 1671 se
1423 1645 1486 1671 ex·

126 1697 290 1748 spectari
309 1696 456 1742 iubent,
470 1706 587 1744 quum
607 1693 642 1732 ei
662 1693 728 1742 qui
748 1701 968 1742 exspectare
980 1693 1071 1732 velit
1088 1701 1178 1732 ante
1197 1693 1337 1733 iniusta
1354 1707 1482 1744 poena

159 1778 234 1811 Na„
260 1776 306 1802 the
334 1775 387 1801 1aw
414 1758 557 1796 luenda
584 1756 634 1795 sit
661 1769 777 1806 quam
804 1756 905 1794 iusta
930 1757 1154 1806 repetenda.
1209 1758 1292 1796 Etsi
1315 1759 1481 1810 persapi-
1505 1776 1519 1802 1

125 1824 195 1879 {3¹32
211 1813 389 1883 ἰξεξξξιζῃᾚ
416 1829 525 1861 enter
549 1828 589 1859 et
616 1822 785 1870 quodam
809 1821 930 1860 modo
957 1821 1073 1860 tacite
1092 1822 1158 1860 dat
1177 1821 1260 1871 ipsa
1277 1823 1341 1861 lex
1357 1831 1484 1872 potes-

125 1890 190 1922 0n¹y
206 1888 315 1933 ,sorbids
341 1888 387 1914 the
415 1893 533 1924 tatem
553 1885 800 1931 defendendi,
821 1896 920 1933 quae
938 1896 1020 1922 non
1044 1883 1241 1923 hominem
1266 1885 1392 1924 occidi
1415 1887 1484 1926 sed

124 1926 299 1998 {3335ssss
306 1934 385 1990 ‚122
413 1961 497 1987 esse
520 1960 608 1986 cum
636 1949 714 1986 telo
739 1946 905 1986 hominis
924 1946 1130 1986 occidendi
1155 1959 1271 1985 causa
1294 1955 1408 1995 vetat,
1429 1958 1483 1997 ut,

123 2004 224 2029 “0²⁰¹“
235 2003 336 2028 ‘'⁸³²⁸“
415 2023 533 2060 quum
553 2022 669 2048 causa
686 2022 766 2048 non
785 2010 903 2048 telum
922 2018 1173 2059 quaereretur,
1195 2009 1261 2061 qui
1282 2010 1340 2049 sui
1358 2012 1487 2050 desen·
1528 2060 1531 2062 Ι

125 2073 245 2112 dendi
281 2087 398 2112 causa
430 2075 508 2112 telo
539 2080 638 2111 esset
669 2085 770 2119 usus,
808 2085 888 2111 non
925 2072 1092 2111 hominis
1128 2073 1334 2113 occidendi
1367 2086 1483 2114 causa.

126 2138 307 2176 habuisse
325 2139 444 2176 telum
464 2137 703 2175 iudicaretur.
760 2137 1007 2186 Quapropter
1028 2137 1103 2175 hoc
1123 2144 1277 2175 maneat
1294 2137 1335 2175 in
1353 2150 1480 2186 causa,

127 2201 298 2240 iudices:
324 2214 404 2239 non
423 2200 527 2239 enim
547 2199 684 2238 dubito
710 2199 802 2249 quin
827 2201 1055 2249 probaturus
1079 2199 1152 2238 sim
1170 2200 1280 2238 vobis
1298 2199 1485 2240 defensio·

126 2276 215 2302 nem
249 2276 388 2311 meam,
409 2262 458 2302 ‘si
493 2263 534 2301 id
565 2261 814 2301 memineritis
846 2262 952 2312 quod
987 2261 1163 2300 oblivisci
1198 2274 1279 2301 non
1308 2262 1481 2312 potestis,

125 2325 388 2364 insidiatorem
398 2324 490 2373 iure
504 2324 663 2363 interfici
682 2337 808 2374 posse.

77 2395 104 2428 Ο
233 2388 412 2439 Sequitur
467 2388 561 2427 illud
609 2388 714 2438 quod
763 2399 788 2425 a
836 2386 997 2426 Milonis
1046 2385 1211 2426 inimicis
1261 2387 1483 2438 saepissime
1506 2398 1518 2424 r
