1540 2488
142 66 191 103 3²
641 53 704 92 M.
736 53 780 91 7:
813 50 1000 91 Cn'oerontlr
1506 103 1530 110 ¹

144 130 215 159 have
230 130 341 157 become
360 130 407 158 the
432 127 523 166 lone
541 126 670 167 occiso
688 127 883 168 habuisset
906 140 997 168 suos
1019 129 1220 171 consulese
1249 128 1390 171 deinde
1424 149 1444 172 ἰ
1499 179 1500 182 ¹
1528 111 1531 116 ¹

143 173 283 195 creatur-es
294 168 325 195 of
341 168 405 196 Clo·
433 190 440 199 .
1010 191 1019 200 .
1469 185 1472 188 ’
1502 191 1506 196 «

145 204 215 231 ἀίω,
430 204 471 230 1n
498 204 546 230 eo
572 198 746 241 praetore
772 193 907 231 consul
933 193 1040 232 fortis
1067 199 1177 241 esset,
1205 205 1276 244 per
1300 205 1415 244 quem

144 252 291 290 bunum
317 252 495 292 virtutem
522 256 761 293 consularem
782 254 1042 294 crudelissime
1062 263 1238 295 vexatam
1262 268 1346 295 esse
1382 275 1473 290 ······
1477 251 1481 300 ’,
1531 293 1534 306 ‚

144 314 292 353 nisset?
344 315 608 365 Oppressisset
642 317 783 365 omnia,
820 317 1033 367 possideret
1068 325 1237 366 teneret3
1270 318 1356 368 lege
1398 336 1433 351 ··
1466 318 1468 321 ’
1501 357 1503 360 ,

145 390 244 427 quae
272 385 330 416 est
357 378 512 417 inventa
542 379 644 428 apud
677 393 765 418 eum
797 393 884 419 cum
919 379 1073 430 reliquis
1108 380 1255 430 legibus
1291 380 1417 420 Clu'
1439 377 1486 414 .⁰'

146 453 274 480 servos
302 448 453 479 nostros
484 441 641 480 libertos
672 455 761 481 suos
789 443 962 483 fecisset:
998 451 1204 493 postremo,
1233 442 1307 482 nisi
1338 455 1426 483 eum

147 504 380 542 immortales
409 504 449 541 in
481 516 566 542 eam
590 512 758 543 mentem
786 505 1023 555 impulissent
1050 513 1092 555 ut
1118 507 1237 559 homo
1264 506 1501 571 effeminati*
1533 487 1538 527 ι

147 565 391 605 fortissimum
427 565 548 604 virum
584 574 785 606 conaretur
819 568 1006 616 occidere,
1043 569 1159 607 hodie
1194 582 1275 608 rem
1309 570 1495 620 publicai·
1539 575 1540 578 ’

433 631 576 668 nullam
594 630 794 669 haberetis.
849 632 913 669 An
938 631 1001 670 ille
1026 639 1186 681 praetor,
1207 631 1270 671 ille
1296 645 1387 672 vero
1403 645 1513 687 con·
1539 625 1540 658 Ῠ

146 676 273 739 ἀέἔεζε
288 676 408 739 νζξξὲ
434 694 502 741 sul,
523 693 556 731 si
579 694 698 732 modo
716 695 813 733 haec
831 695 975 744 templa
999 702 1115 744 atque
1134 694 1218 744 ipsa
1235 695 1389 734 moenia
1405 691 1529 747 statisk

146 750 413 813 2ffi⁰gffi⁵sshief3
436 767 483 794 eo
511 754 599 794 vivo
630 762 709 793 tam
744 755 811 794 diu
840 762 879 794 et
906 757 1146 794 consulatum
1174 755 1254 795 eius
1286 769 1453 807 exspecr

347 795 366 819 g
381 796 397 813 o

147 823 193 849 the
215 824 408 866 senate-house
435 817 659 867 potuissent,
688 817 752 856 ille
780 818 947 868 denique
973 818 1081 857 vivus
1108 818 1198 856 mali
1220 818 1315 857 nihil
1342 817 1517 869 fecissen!

146 861 412 930 giugssfi'fyqaeffi
438 880 504 930 qui
525 887 696 919 mortuus
713 893 792 919 uno
815 894 863 919 ex
885 880 961 919 suis
988 880 1211 920 satellitibus
1238 882 1339 921 duce
1364 846 1522 987 Ἥ

147 935 276 967 “figmhe
285 935 409 961 ''⁰²¹¹‘'*v‘
436 943 677 982 incenderit?
706 956 783 992 quo
807 942 900 993 quid
922 943 1094 982 miserius
1113 943 1206 994 quid
1223 943 1396 984 acerbius
1414 957 1440 995 q
1468 943 1479 953 ’

433 1006 642 1045 luctuosius
661 1005 824 1045 vidimus
838 1008 857 1045 Ρ
908 1007 1116 1055 Templum
1140 1006 1350 1045 sanctitatis
1372 1007 1535 1062 'ampli-

87 1090 91 1094 ·
148 1068 290 1108 tudinis
325 1069 464 1108 mentis
501 1068 649 1107 consilii
685 1067 839 1118 publici,
873 1075 989 1119 caput
1023 1068 1137 1116 urbis,
1169 1082 1273 1108 aram
1302 1069 1527 1121 sociomms

147 1139 300 1181 portum
336 1131 509 1171 omnium
543 1131 723 1181 gentium,
762 1131 894 1170 sedem
935 1132 985 1170 ab
1026 1132 1202 1171 universo
1238 1134 1383 1182 populo
1418 1145 1483 1174 co·

148 1206 295 1233 cessam
330 1195 398 1233 uni
433 1194 568 1242 ordini,
601 1193 826 1232 inflammari
861 1194 1032 1233 exscindi
1067 1194 1268 1234 funestari!
1304 1208 1432 1246 neque
1465 1197 1538 1250 de

148 1256 228 1295 fieri
246 1270 270 1295 a
287 1257 530 1296 multitudine
549 1257 733 1307 imperita,
749 1269 982 1307 quamquam
996 1264 1097 1296 esset
1115 1257 1294 1296 miserum
1311 1258 1352 1297 id
1370 1258 1505 1309 ipsum,
1519 1251 1531 1260 ²

150 1320 218 1358 sed
236 1321 286 1359 ab
305 1333 384 1359 uno
402 1323 410 1359 Ξ
432 1320 497 1370 qui
516 1333 635 1370 quum
653 1327 801 1359 tantum
819 1332 932 1358 ausus
957 1319 1005 1359 sit
1022 1327 1127 1358 ustor
1144 1333 1214 1370 pro
1232 1327 1394 1368 mortuo,
1414 1321 1506 1372 quid

151 1382 305 1432 signifer
338 1396 408 1433 pro
444 1382 532 1423 vivo
567 1396 647 1422 non
683 1390 784 1422 esset
818 1386 961 1423 ausus?
1014 1385 1063 1422 In
1094 1382 1237 1422 curiam
1267 1382 1527 1433 potissimum

150 1445 300 1492 abiecit,
319 1454 362 1486 ut
389 1459 474 1485 eam
498 1454 670 1485 mortuus
693 1446 916 1486 incenderet
940 1460 1055 1497 quam
1080 1446 1188 1486 vivus
1207 1453 1400 1487 everterat.
1456 1448 1507 1488 Et

152 1515 240 1548 sunt
267 1509 333 1559 qui
354 1510 403 1548 de
427 1510 490 1548 via
515 1509 645 1559 Appia
672 1517 886 1559 querantur,
906 1515 1059 1548 taceant
1090 1511 1140 1549 de
1169 1509 1281 1558 curia,
1302 1517 1342 1550 et
1367 1509 1434 1561 qui
1455 1511 1508 1551 ab
1523 1533 1530 1559 ς

153 1584 200 1611 eo
225 1572 392 1622 spirante
410 1573 534 1610 forum
562 1579 697 1622 putent
723 1572 893 1622 potuisse
914 1572 1071 1611 defendi
1094 1572 1202 1612 cuius
1228 1586 1308 1613 non
1331 1574 1525 1617 restiterit«

153 1635 328 1675 cadaveri
345 1636 471 1674 curia!
526 1635 700 1673 Excitate
719 1635 882 1674 excitate
900 1635 1036 1684 ipsum,
1057 1634 1088 1673 si
1106 1635 1277 1685 potestis,
1296 1649 1321 1675 a
1337 1636 1506 1677 mortuis.
1522 1639 1527 1681 J

153 1698 350 1748 Frangetis
377 1697 563 1748 impetum
589 1697 675 1746 vivi,
705 1698 814 1736 cuius
839 1697 903 1735 vix
930 1696 1123 1736 sustinetis
1151 1697 1266 1737 furias
1302 1698 1531 1749 insepulti?

152 1761 226 1801 nisi
251 1774 341 1800 vero
369 1760 599 1800 sustinuistis
617 1773 684 1799 eos
703 1760 768 1810 qui
794 1773 881 1798 cum
904 1760 1051 1799 facibus
1069 1762 1120 1800 ad
1145 1760 1287 1799 curiam
1312 1774 1509 1801 concurre-
1530 1792 1540 1834 3

152 1831 250 1872 runt,
269 1836 358 1862 cum
376 1823 537 1862 falcibus
554 1824 605 1862 ad
625 1823 804 1869 Castoris,
824 1836 912 1861 cum
930 1823 1065 1873 gladiis
1084 1830 1168 1863 toto
1185 1825 1268 1863 soro
1292 1823 1506 1865 volitarunt.
1530 1835 1540 1886 ’ᾗ

154 1886 277 1926 Caedi
294 1886 440 1925 vidistis
458 1887 643 1936 populum
659 1888 890 1933 Romanum,
907 1886 1128 1925 contionem
1145 1887 1280 1936 gladiis
1294 1886 1508 1934 disturbari.
1534 1892 1540 1930 .“,

147 972 309 1005 done,when
314 969 411 1005 living?

154 1963 272 2000 quum
314 1949 507 1989 audiretur
543 1950 696 1988 silentio
732 1950 788 1988 M.
828 1948 982 1988 Caelius
1016 1948 1188 1988 tribunus
1216 1948 1354 1999 plebei,
1382 1948 1440 1988 vir
1469 1953 1540 1989 et?

153 2014 193 2053 in
221 2027 262 2053 re
291 2013 445 2064 publica
470 2012 694 2052 fortissimus
724 2020 762 2051 et
783 2011 823 2050 in
851 2019 1029 2063 suscepta
1055 2025 1172 2051 causa
1198 2012 1444 2060 firmissimus,
1470 2021 1509 2053 et

152 2078 344 2116 bonorum
369 2076 559 2115 voluntati
586 2083 624 2115 et
652 2075 866 2115 auctoritati
902 2082 1056 2114 senatus
1087 2074 1251 2122 deditus,
1284 2081 1324 2113 et
1358 2074 1399 2113 in
1434 2075 1508 2114 hac

154 2139 314 2178 Milonis
335 2138 415 2178 sive
439 2138 583 2178 invidia
606 2138 685 2178 sive
711 2140 863 2178 fortuna
880 2136 1070 2188 singulari,
1090 2136 1222 2175 divina
1239 2143 1278 2175 et
1295 2135 1509 2177 incredibili

152 2203 240 2242 fide.
1537 2196 1540 2201 ’

75 2276 137 2322 34
186 2268 379 2297 Peronuon.
490 2266 567 2306 Sed
595 2265 672 2304 iam
703 2265 795 2304 satis
822 2266 942 2303 multa
969 2265 1020 2303 de
1047 2275 1162 2303 causa
1174 2278 1187 2312 ;
1221 2269 1328 2303 extra
1353 2274 1540 2325 musam3

203 2317 373 2351 Q³⁴‘³⁸·
440 2328 555 2369 etiam
582 2327 696 2367 nimis
722 2329 881 2367 sortasse
909 2328 1036 2366 multa.
1093 2326 1198 2376 Quid
1227 2333 1345 2366 restat
1368 2325 1441 2365 nisi
1466 2334 1510 2367 ut

152 2364 414 2436 cnfflssffi‘ssss
441 2406 548 2433 orem
575 2394 820 2444 obtesterque
844 2404 925 2440 vos,
943 2390 1101 2440 iudices,
1121 2397 1164 2431 ut
1189 2403 1277 2430 eam
1301 2390 1518 2431 misenum·-
