1540 2488
141 62 204 103 xvi

686 64 951 103 Introduction.

140 141 243 185 Milo,
260 145 298 176 to
314 150 449 186 oppose
464 141 566 176 these
578 152 761 176 measures
777 153 826 177 on
841 142 904 177 the
918 142 1061 187 ground
1077 142 1155 177 that
1170 142 1257 187 they
1271 151 1363 177 were
1377 141 1500 178 aimed
1537 136 1540 138 ’

139 202 178 231 at
195 195 286 230 Milo
302 194 546 240 persona11y⁴⁶‚
563 197 637 230 and
653 197 731 230 that
747 196 809 231 the
825 197 926 231 trials
938 207 1030 231 were
1042 196 1301 248 beingunduly
1311 196 1498 232 hastened.

140 252 212 287 His
237 252 467 296 persevering
488 251 629 286 attacks
652 263 751 296 upon
774 253 874 287 them
898 253 1006 288 made
1032 253 1225 298 Pompeius
1248 263 1290 288 so
1305 252 1499 298 indignant

138 306 218 340 that
239 306 286 340 he
306 316 396 340 even
413 305 624 340 threatened
639 312 677 341 to
693 316 757 341 use
773 306 880 351 force,
897 307 928 341 if
939 307 986 342 he
1001 317 1093 342 were
1109 306 1311 353 compelled
1325 313 1363 343 to
1379 308 1428 343 do
1443 318 1495 350 so,

138 361 194 397 sor
209 362 270 396 the
287 361 402 405 safety
418 361 459 395 of
479 361 540 396 the
556 367 659 397 state.

207 417 227 451 8
277 417 470 461 Pompeius
485 428 570 462 was,
588 429 629 452 or
643 418 843 463 pretended
859 424 896 453 to
912 418 969 461 be,
986 417 1102 453 afraid
1119 418 1161 453 of
1173 418 1281 454 Milo:
1296 419 1343 454 he
1359 419 1502 466 quitted

139 474 195 509 his
222 474 327 508 usual
357 474 552 518 residence‚
585 475 659 510 and
692 476 823 516 retired
849 482 892 510 to
919 475 985 510 his*
1012 476 1168 520 gardens
1200 487 1248 511 on
1278 477 1340 512 the
1370 477 1501 522 higher
1529 473 1532 481 ”

139 531 310 575 grounds,
327 531 444 565 round
459 531 577 566 which
600 543 623 566 a
637 532 737 576 large
751 532 849 576 body
866 531 907 566 of
924 532 1074 566 soldiers
1091 542 1183 566 were
1203 542 1251 566 on
1267 532 1390 576 guard.
1438 532 1500 568 He
1528 527 1533 573 ’Ξ

140 588 213 622 had
230 588 307 622 also
319 599 417 632 upon
430 599 498 623 one
515 589 684 624 occasion
697 588 891 634 [suddenly
907 588 1167 635 dismissed“?]
1182 601 1205 624 a
1216 590 1375 634 meeting
1385 588 1427 624 of
1437 589 1500 624 the

142 644 285 687 Senate,
301 644 456 678 because
478 645 525 679 he
549 645 629 680 said
651 645 698 680 he
717 656 790 680 was
814 644 930 680 afraid
953 644 994 680 of
1016 645 1108 679 Milo
1131 645 1318 689 comingss.
1364 646 1416 681 At
1437 646 1500 682 the
1529 671 1532 674 ι

139 735 239 767 buted
254 739 288 766 to
302 735 358 766 the
378 735 502 766 decline
524 735 561 766 of
580 736 707 767 Roman
722 736 786 767 elo-

140 787 279 818 quence:
307 777 446 808 ‘transeo
461 777 502 808 ad
517 777 651 808 sormam
666 783 698 809 et
713 788 787 809 con-

139 819 340 850 suetudinem
347 824 489 850 veterum
495 819 696 857 iudicionmu
707 830 789 861 quae

142 861 201 892 etsi
215 871 300 892 nunc
311 861 416 902 aptior
430 866 477 892 est
488 861 623 899 veritati,
638 862 787 902 eloquen-

140 903 220 934 tiam
234 907 341 934 tamen
361 902 440 933 illud
459 903 562 934 sorum
582 904 683 944 magis
700 914 786 938 exer-

141 945 243 983 cebat,
265 944 299 975 in
324 954 389 985 quo
410 955 505 976 nemo
531 945 614 976 intra
636 945 786 986 paucissi-

142 996 210 1017 mas
238 986 333 1017 horas
361 997 507 1028 perorare
536 987 717 1027 cogebatur,
756 992 788 1018 et

140 1028 260 1060 liberae
275 1029 624 1069 comperendinationes
639 1033 738 1067 erant,
756 1034 789 1062 et

142 1070 275 1101 modum
295 1070 423 1101 dicendi
444 1070 506 1101 sibi
528 1071 662 1111 quisque
682 1081 786 1102 sume-

142 1112 206 1150 bat,
222 1117 254 1143 et
268 1122 416 1142 numerus
430 1122 534 1152 neque
548 1113 670 1143 dierum
685 1123 789 1153 neque

143 1159 349 1195 patronorum
362 1153 538 1185 finiebatur.
570 1155 694 1185 Primus
709 1154 789 1186 haec

142 1195 236 1227 tertio
247 1195 411 1226 consulatu
421 1196 549 1227 Gnaeus
559 1196 731 1237 Pompeius
740 1206 788 1227 as-

144 1237 262 1275 trinxit,
280 1237 545 1278 imposuitque
567 1238 695 1269 veluti
717 1238 786 1269 fre-

142 1289 211 1310 nos
226 1279 502 1320 eloquentiae.’
526 1280 579 1310 De
591 1281 678 1311 Orat.
695 1290 720 1311 c.
735 1280 785 1318 38.

183 1319 212 1340 ⁴⁶
226 1321 431 1362 privilegium
454 1321 490 1352 in
515 1322 670 1352 Milonem
689 1322 786 1362 ferri.

143 1362 176 1393 A
190 1359 254 1394 law
273 1363 425 1404 specially
441 1363 562 1394 sramed
578 1368 611 1394 to
629 1368 714 1396 meet
734 1363 789 1395 the

143 1414 216 1435 ease
237 1404 275 1435 of
293 1415 313 1435 a
333 1405 504 1445 particular
525 1405 702 1436 individual
722 1416 788 1441 was

143 1446 246 1478 called
260 1446 483 1487 Pm'vilegium,
507 1447 571 1477 and
585 1457 651 1478 was
669 1447 787 1478 forbid-

143 1489 207 1519 den
235 1488 279 1529 by
307 1488 362 1519 the
391 1489 486 1519 Laws
514 1488 552 1519 of
576 1489 630 1520 the
657 1489 789 1520 Twelve

143 1529 273 1560 Tables.
317 1530 433 1571 Comp.
452 1534 515 1570 pro
535 1531 648 1568 Domo,
678 1541 706 1562 c.
730 1530 788 1562 16:

144 1573 228 1612 ‘quo
254 1571 402 1612 exemplo
428 1571 533 1612 legem
558 1571 789 1603 nominatim

143 1613 185 1644 de
221 1613 325 1654 capite
353 1613 431 1644 civis
459 1614 635 1644 indemnati
671 1614 789 1645 tulisti?

143 1654 264 1686 Vetant
288 1655 374 1695 leges
398 1660 549 1693 saeratae,
587 1660 695 1686 vetant
721 1663 784 1687 111.

143 1696 288 1727 Tabulae
307 1697 411 1737 leges
426 1697 546 1737 privis
564 1697 790 1732 hominibus

143 1738 331 1779 irrogari;
361 1739 398 1769 id
424 1743 481 1770 est
508 1739 606 1770 enim
632 1739 788 1780 privile-

143 1779 268 1820 gium)
313 1780 374 1811 See
389 1780 457 1811 also
471 1781 508 1812 de
520 1781 610 1821 Legg.
631 1788 686 1812 ΙΙΙ.
703 1792 731 1819 4.

186 1820 215 1842 ⁴⁷
251 1822 322 1852 The
351 1826 417 1853 text
446 1822 472 1853 is
507 1822 675 1854 mutilated
700 1822 789 1854 here.

146 1863 243 1895 Some
258 1874 396 1905 propose
407 1868 441 1894 to
453 1864 498 1895 fill
513 1874 556 1905 up
568 1864 622 1895 the
636 1874 700 1905 gap
711 1864 790 1897 with

144 1905 199 1936 the
219 1906 323 1936 words
345 1909 464 1946 repenle
483 1906 660 1942 dimicem&
682 1906 790 1937 others

145 1947 243 1979 insert
257 1947 293 1978 in
302 1948 427 1988 porticu
440 1958 499 1978 sua
513 1948 674 1979 habuerat.

187 1986 214 2008 ⁴⁸
245 1989 404 2020 Asconius
433 1990 514 2020 adds
542 1990 597 2020 the
625 1989 791 2030 following

145 2030 332 2071 particulars
353 2031 385 2061 in
405 2031 454 2062 his
474 2036 549 2062 note
569 2042 612 2062 on
627 2031 719 2072 chap.
738 2040 788 2074 25.

145 2071 234 2111 §672
268 2073 422 2104 ‘diximus
451 2073 484 2104 in
507 2078 694 2113 argumento
721 2083 790 2104 ora·

145 2113 241 2144 tionis
268 2114 360 2145 huius
390 2115 448 2146 Cn.
481 2115 671 2155 Pompeium
695 2114 790 2145 simu-

145 2155 227 2186 lasse
248 2165 283 2186 se
305 2156 426 2193 timere,
453 2166 510 2187 seu
531 2157 626 2200 plane
650 2156 791 2187 timuisse

145 2197 312 2234 Milonem,
337 2203 369 2229 et
393 2198 466 2229 ideo
491 2208 532 2229 ne
553 2198 642 2228 domi
662 2198 791 2238 quidem

145 2248 221 2270 suae
239 2239 295 2270 sed
315 2239 348 2270 in
367 2239 469 2270 hortis
487 2239 700 2281 superioribus
719 2245 794 2271 ante

145 2280 297 2311 iudicium
312 2282 474 2318 mansisse,
493 2281 538 2312 ita
548 2285 582 2312 ut
593 2281 702 2312 villam
714 2291 792 2322 quo-

167 2331 208 2353 ue
232 2322 392 2362 praesidio
414 2323 552 2354 militum
572 2323 791 2354 circumdaret.

181 2385 189 2394 .
214 2363 398 2405 Pompeius,
425 2365 569 2396 tribunus
593 2365 708 2405 plebis,
737 2364 793 2405 qui

146 2404 248 2437 suerat
283 2406 547 2439 familiarissimus
580 2406 724 2438 omnium
754 2406 792 2437 P.

854 736 970 768 Clodio
985 740 1018 768 et
1029 741 1148 768 sectam
1158 736 1248 778 sequi
1258 746 1293 768 se
1303 736 1411 785 palam
1425 747 1499 779 pro·
1530 744 1535 757 Ἰ

852 778 1010 816 tuebatur,
1031 779 1153 810 dixerat
1171 778 1205 810 in
1223 788 1377 811 concione
1389 779 1499 821 paucis

853 825 926 861 post
940 820 1053 851 diebus
1067 830 1165 861 quam
1180 820 1313 853 Clodius
1333 826 1401 855 erat
1413 821 1496 853 occi-

853 872 926 893 sus:
952 862 1052 893 ‘Milo
1065 862 1149 893 dedit
1163 873 1254 904 quem
1267 862 1304 894 in
1322 862 1423 894 Cun‘a
1435 873 1499 895 cro-

853 903 999 943 maretis;
1013 901 1090 935 dabo
1102 914 1192 944 quem
1206 904 1243 935 in
1258 904 1410 945 Capitol&
1421 909 1497 945 seffl-

853 943 961 976 lz’attlrl
1004 946 1045 976 In
1076 946 1189 977 eadem
1222 947 1375 978 concione
1409 946 1498 978 idem

853 987 975 1019 dixerat
998 987 1121 1026 (habuit
1141 989 1228 1019 enim
1246 998 1318 1019 eam
1336 998 1366 1019 a.
1385 988 1416 1019 d.
1431 995 1498 1020 vu.
1531 1006 1537 1029 3

854 1029 929 1060 Kal.
947 1030 1025 1064 Feb.
1042 1039 1141 1070 quum
1155 1029 1238 1060 Milo
1253 1029 1365 1070 pridie,
1388 1029 1422 1061 id
1436 1034 1496 1068 est,
1534 1031 1537 1041 ⁴

853 1078 933 1106 vau.
950 1071 1024 1107 Kal.
1038 1071 1118 1103 Feb.
1130 1072 1237 1102 venire
1251 1071 1294 1102 ad
1310 1071 1500 1113 Pompeium
1536 1079 1537 1110 ζ

853 1112 887 1143 in
912 1113 979 1144 eius
1003 1113 1114 1144 hortos
1138 1113 1299 1151 voluisset)
1327 1113 1499 1154 Pompeius
1535 1118 1539 1142 Α

853 1156 884 1185 ei
903 1164 961 1195 per
980 1155 1144 1186 hominem
1162 1155 1278 1195 propin
1301 1164 1378 1186 uum
1397 1154 1499 1186 misis-
1532 1193 1538 1199 ἢ

849 1201 911 1233 set,
934 1207 975 1227 ne
996 1197 1038 1227 ad
1060 1207 1094 1228 se
1115 1197 1245 1228 veniret.
1320 1197 1384 1227 rius
1402 1196 1501 1228 etiam
1536 1222 1540 1236 z

853 1248 950 1279 quam
963 1238 1133 1279 Pompeius
1148 1238 1275 1270 tertium
1290 1238 1399 1269 consul
1413 1248 1499 1270 crea-
1536 1254 1540 1263 v

853 1285 946 1316 retur,
963 1285 1025 1311 tres
1040 1280 1168 1316 tribuni,
1188 1280 1229 1320 Q.
1246 1280 1418 1321 Pompeius
1433 1280 1500 1311 Ru·
1535 1275 1540 1315 ζ

847 1321 912 1360 fus,
938 1321 977 1353 C.
1000 1321 1168 1353 Sallustius
1189 1321 1330 1362 Crispus,
1358 1322 1398 1353 T.
1425 1321 1500 1353 Mu·
1534 1324 1540 1341 ἓ

853 1363 958 1395 natius
987 1363 1133 1401 Plancus,
1173 1373 1272 1404 quum
1307 1363 1501 1405 quotidianis
1534 1365 1540 1406 ᾖ

855 1405 1061 1436 concionibus
1085 1405 1149 1436 suis
1173 1414 1323 1446 magnam
1347 1405 1501 1437 invidiam
1533 1406 1540 1443 ξ

855 1447 972 1478 Miloni
993 1451 1124 1488 propter
1141 1446 1292 1478 Clodium
1313 1446 1498 1485 excitarent,
1536 1453 1540 1484 ζ

855 1489 1069 1529 produxerant
1085 1488 1131 1519 ad
1150 1488 1306 1530 populum
1325 1488 1386 1520 Cn.
1405 1488 1501 1520 Pom·
1534 1492 1540 1519 J

854 1530 974 1571 peium,
990 1535 1021 1561 et
1036 1530 1078 1566 ab
1093 1540 1131 1566 eo
1149 1530 1350 1571 quaesierant
1364 1540 1442 1561 num
1458 1529 1502 1561 ad

855 1582 928 1603 eum
942 1572 1084 1603 delatum
1098 1577 1180 1603 esset
1191 1572 1270 1603 illud
1281 1582 1324 1613 qu
1369 1581 1409 1603 ue
1419 1571 1502 1603 indi·

856 1614 950 1652 cium,
976 1624 1051 1645 suae
1072 1613 1157 1645 vitae
1176 1613 1318 1645 insidiari
1372 1613 1501 1645 ilonem.

857 1655 1081 1696 Responderat
1125 1655 1297 1696 Pompeius
1341 1654 1502 1687 Licinium

857 1697 1018 1738 quendam
1037 1697 1079 1730 de
1095 1696 1190 1738 plebe
1208 1696 1428 1735 sacrificulum,
1446 1697 1503 1739 qui

857 1739 968 1770 solitus
987 1743 1069 1770 esset
1088 1738 1224 1770 familias
1242 1747 1386 1779 purgare,
1412 1737 1455 1769 ad
1468 1747 1503 1770 se

857 1781 1019 1815 detulisse.
1049 1790 1156 1811 servos
1183 1780 1340 1821 quosdam
1370 1779 1503 1811 Milonis

857 1822 999 1863 itemque
1012 1822 1145 1853 libertos
1164 1827 1364 1863 comparatos
1378 1831 1448 1853 esse
1460 1821 1504 1853 ad

858 1864 989 1898 caedem
1001 1874 1090 1894 suam
1099 1874 1109 1902 ς
1119 1863 1250 1894 nomina
1260 1873 1388 1905 quoque
1397 1873 1503 1895 servo-

858 1916 930 1936 rum
951 1905 1105 1943 edidisse;
1126 1905 1169 1936 ad
1189 1905 1346 1936 Milonem
1369 1905 1518 1942 misisse..

858 1952 894 1978 ut
919 1957 974 1978 eos
998 1949 1033 1978 in
1057 1951 1215 1988 potestate
1235 1957 1292 1978 sua
1312 1946 1462 1985 haberem
1483 1956 1505 1977 a

860 1989 984 2020 Milone
998 1998 1185 2029 responsum
1199 1998 1278 2026 esse,
1297 1998 1337 2019 ex
1350 1988 1390 2019 iis
1405 1987 1504 2019 servis

860 2041 940 2072 quos
955 2030 1148 2061 nominasset
1163 2030 1280 2071 partim
1294 2030 1457 2061 neminem
1469 2039 1505 2061 se

859 2082 1000 2113 unquam
1021 2072 1178 2110 habuisse,
1208 2073 1324 2112 partim
1347 2070 1505 2103 manumi-
1531 2111 1536 2115 ¹

859 2114 945 2145 sisse.
991 2113 1118 2144 Deinde
1131 2123 1230 2154 quum
1245 2113 1404 2144 Licinium
1418 2112 1507 2154 apud

859 2166 894 2187 se
922 2155 1063 2193 haberet,
1104 2154 1241 2185 Lucium
1275 2154 1436 2196 quendam
1463 2153 1506 2186 de
1536 2194 1540 2196 -

859 2197 955 2238 plebe
969 2197 1011 2228 ad
1022 2196 1289 2237 corrumpendum
1303 2196 1442 2227 iudicem
1451 2203 1509 2227 vei

860 2239 954 2276 nisse,
986 2247 1050 2279 qua
1078 2248 1112 2269 re
1143 2237 1282 2278 cognita,
1317 2237 1351 2268 in
1379 2236 1508 2269 vincula.

860 2290 935 2312 eum
957 2279 1087 2321 publica
1111 2289 1131 2310 a
1150 2289 1186 2310 se
1206 2279 1396 2311 coniectum.
1411 2320 1421 2326 ·
1439 2278 1506 2310 De-
1530 2290 1532 2292 ·

861 2326 1002 2353 creverat
1015 2323 1101 2352 enim
1122 2325 1248 2352 senatus
1269 2325 1304 2352 ut
1318 2329 1392 2352 cum
1410 2324 1506 2352 mter·
1538 2340 1540 2343 v

861 2362 936 2404 rege
950 2367 982 2394 et
997 2362 1132 2394 tribunis
1146 2361 1249 2404 plebis
1264 2361 1436 2410 Pompeius
1448 2361 1507 2393 dn-
1537 2396 1540 2397 ⁷

859 2410 908 2437 ret
922 2414 1054 2446 operam
1066 2414 1109 2436 ne
1123 2404 1201 2446 quid
1215 2403 1397 2446 respublica
1408 2402 1506 2436 detri-
