1540 2488
230 427 457 471 MARCI
517 424 766 468 TULLII
829 419 1225 466 CICERONIS

530 559 723 608 ΘΚΑ
761 558 926 606 TIO

330 705 441 744 PRO
486 705 621 744 TITO
666 703 848 742 ANNIO
896 701 1131 740 MILONE.

15 980 27 998 Ο

18 1009 22 1012 ·
61 996 293 1062 Ιῐξεθέξτῗὲῐῖ
416 997 513 1035 ETSI
525 1008 670 1042 vereor,
686 994 844 1041 iudices,
858 1007 908 1032 ne
924 1001 1034 1043 turpe
1057 991 1105 1031 sit
1122 1005 1194 1042 pro
1212 989 1420 1031 fortissimo
1441 1003 1457 1028 1

109 1081 200 1115 (aL-1,
214 1091 237 1109 2
331 1059 414 1100 viro
437 1059 564 1099 dicere
583 1058 832 1109 incipientem
850 1058 995 1105 timere,
1015 1056 1252 1106 minimeque
1271 1056 1420 1101 deceat,

17 1171 19 1173 ¹
44 1118 307 1190 ὼξηζζῗζορζζζ
334 1137 454 1175 quum
477 1126 523 1163 T.
545 1123 696 1162 Annius
719 1123 802 1173 ipse
821 1122 942 1172 magis
961 1123 1011 1161 de
1030 1121 1085 1160 rei
1103 1120 1283 1171 publicae
1302 1121 1424 1159 salute

43 1195 135 1259 whmg
145 1204 187 1259 ἕο
195 1204 307 1222 aresur-
334 1201 450 1238 quarn
478 1188 528 1226 de
552 1201 622 1226 sua
641 1188 894 1237 perturbetur,
920 1199 983 1224 me
1009 1186 1059 1224 ad
1083 1185 1164 1224 eius
1187 1198 1343 1223 causam
1361 1197 1426 1234 pa-

44 1241 111 1259 mun
131 1242 148 1259 e
172 1241 305 1259 causeme

44 1279 120 1297 some
127 1271 222 1303 alam,
231 1271 306 1297 how·
331 1266 413 1292 rem
431 1251 550 1291 animi
567 1251 873 1302 magnitudinem
891 1251 1039 1289 adferre
1057 1263 1139 1288 non
1153 1262 1279 1300 posse,
1294 1256 1424 1288 tamen

19 1317 113 1372 ἓξὲξ
150 1308 307 1379 ξ”ςξξζῗξὲὲ
332 1317 431 1354 haec
457 1314 550 1354 novi
580 1314 711 1354 iudicii
738 1327 841 1353 nova
865 1315 988 1353 forma
1018 1320 1134 1351 terret
1166 1313 1313 1359 oculos,
1345 1310 1423 1361 qui,

43 1393 122 1454 ἓξὲξ
123 1390 254 1449 331AE
255 1383 306 1448 313
334 1392 580 1429 quocumque
616 1378 844 1425 inciderunt,
890 1384 1061 1416 veterem
1101 1375 1424 1415 consuetudinem

333 1443 405 1482 sori
415 1445 455 1482 'et
466 1442 829 1493 pristinumssxnorem
843 1441 1072 1480 iudiciorum
1086 1439 1293 1489 requirunt.
1330 1440 1424 1478 Non
1443 1455 1462 1478 2

46 1503 150 1543 enim
174 1517 319 1544 corona
341 1519 544 1545 consessus
569 1513 695 1544 vester
719 1505 867 1543 cinctus
891 1512 959 1553 est,
983 1511 1027 1543 ut
1052 1505 1226 1552 solebat3
1252 1517 1334 1542 non
1352 1502 1426 1541 usi-

47 1576 126 1608 tata
138 1570 352 1620 frequentia
363 1570 493 1621 stipati
504 1583 635 1609 sumus
651 1586 659 1609 :
686 1583 768 1608 non
786 1569 851 1608 illa
864 1569 1055 1619 praesidia
1068 1581 1168 1618 quae
1186 1581 1258 1618 pro
1272 1566 1426 1617 templis

47 1634 226 1674 omnibus
251 1635 417 1682 cernitis,
445 1635 517 1674 etsi
541 1642 676 1674 contra
700 1634 780 1672 vim
799 1635 991 1672 collocata
1015 1639 1115 1680 sunt,
1141 1645 1223 1670 non
1248 1632 1427 1670 adferunt

47 1704 177 1737 tamen
191 1699 333 1738 oratori
343 1698 488 1749 aliquid
501 1713 513 1747 3
539 1705 582 1736 ut
595 1697 635 1736 in
650 1699 734 1736 foro
750 1704 788 1736 et
806 1697 847 1735 in
864 1696 1019 1744 iudicio,
1034 1709 1269 1746 quamquam
1289 1694 1429 1745 praesi—

51 1761 123 1800 diis
141 1762 368 1801 salutaribus
388 1770 427 1801 et
444 1762 669 1801 necessariis
689 1762 811 1812 saepti
830 1775 973 1808 sumus,
987 1769 1118 1799 tamen
1131 1774 1181 1799 ne
1199 1773 1280 1798 non
1293 1759 1427 1798 timere

50 1826 207 1876 quidem
234 1827 316 1866 sine
335 1827 465 1877 aliquo
485 1827 622 1866 timore
644 1827 845 1877 possimus.
904 1828 1017 1875 Quae
1036 1826 1068 1864 si
1087 1825 1267 1876 opposita
1286 1825 1428 1864 Miloni

84 1911 200 1943 ,Νικὼ
230 1911 254 1938 if
296 1911 310 1937 1
338 1898 524 1940 putarem,
550 1891 730 1929 cederem
755 1890 931 1940 tempori,
952 1890 1110 1936 iudices,
1136 1902 1211 1928 nec
1228 1889 1328 1927 inter
1346 1896 1428 1927 tan-

10 1952 18 1985 ·ἶ
50 1947 169 1981 ‘¹¹⁰¹'gh‘
180 1949 246 1981 'hey
257 1958 313 1975 ¹¹¹⁶·
340 1962 419 1993 tam
437 1954 516 1992 vim
533 1967 727 1993 armorum
746 1954 1003 1993 existimarem
1022 1967 1106 1993 esse
1125 1951 1266 1992 oratori
1287 1954 1427 1991 locum.

12 1993 19 2010 ,²
51 1987 139 2012 moed
158 1987 206 2012 the
223 1987 314 2019 sasety

3 2031 16 2073 3
52 2024 84 2050 of
95 2024 174 2055 Milo.
189 2024 314 2068 {should
340 2019 417 2056 Sed
435 2030 498 2056 me
516 2025 663 2056 recreat
682 2025 721 2056 et
739 2018 860 2056 reficit
880 2019 952 2057 Cn.
975 2016 1139 2066 Pompei
1161 2015 1429 2066 sapientissimi

4 2076 18 2108 *3
51 2063 313 2127 ῗζῗῗεᾙζέἒὲ
340 2087 378 2118 et
392 2079 587 2118 iustissimi
600 2080 669 2118 viri
683 2080 896 2128 consilium,
915 2080 981 2130 qui
995 2081 1169 2130 profecto
1181 2093 1255 2118 nec
1266 2079 1432 2118 iustitiae

3 2132 17 2159 ἶ
53 2139 164 2203 ἓξὲξ,
182 2148 315 2203 Heme}
342 2156 434 2182 suae
452 2150 604 2193 putaret
623 2157 717 2191 esse,
743 2157 861 2193 quern
885 2156 993 2182 reum
1023 2142 1221 2182 sententiis
1259 2142 1431 2181 iudicum

165 2185 243 2209 peius
259 2186 293 2203 an

54 2215 315 2278 ἱρὴὲιιζὲεὲἓιιςῐιὲε
341 2206 572 2254 tradidisset,
593 2207 760 2245 eundem
779 2206 864 2245 telis
883 2206 1048 2244 militum
1066 2207 1219 2254 dedere,
1241 2219 1316 2245 nec
1334 2205 1434 2256 sapi-

55 2297 114 2315 033
124 2289 156 2315 ος
169 2298 219 2316 our
233 2298 316 2316 muse
343 2270 480 2318 entiae,
497 2270 752 2309 temeritatem
766 2270 983 2308 concitatae
1001 2269 1255 2308 multitudinis
1274 2270 1435 2309 auctori-

0 2373 3 2375 ,
55 2326 181 2354 “¹¹⁶³“-
341 2340 422 2372 tate
439 2333 595 2383 publica
612 2347 769 2373 annare.
827 2335 956 2383 Quam
975 2335 1028 2372 ob
1045 2347 1127 2372 rem
1140 2333 1206 2371 illa
1222 2346 1331 2372 arma
1348 2346 1435 2373 cen·
1450 2346 1472 2382 3

5 2423 9 2425 -
56 2394 224 2435 turiones
235 2397 414 2436 cohortes
425 2409 506 2436 non
515 2397 727 2446 periculum
739 2397 852 2436 nobis
865 2398 932 2436 sed
948 2396 1181 2447 praesidium
1193 2396 1435 2443 denuntiant,
